1754 3120
256 227 321 275 52
667 225 724 272 El
735 222 967 273 NHARDI
1006 222 1294 272 ANNALES

256 347 572 420 deputatum,
616 345 820 410 Pippino
857 346 1044 394 scilicet
1087 350 1135 392 et
1170 343 1440 409 Hludoico,
1489 343 1552 392 de
1587 343 1705 392 villa

259 412 538 462 Theodonis
575 428 664 477 per
686 413 945 460 Mosellam
981 419 1031 459 et
1067 411 1292 458 Rhenum
1329 380 1544 459 secunda
1579 425 1705 476 aqua

258 480 617 541 Noviomagum
653 479 929 541 navigavit,
971 477 1132 553 ibique
1169 485 1395 526 sanctum
1433 476 1704 553 quadrage·

257 546 432 593 simale
477 544 712 592 ieiunium
757 553 806 593 et
839 544 1224 592 sacratissimam
1267 544 1481 610 paschae
1517 542 1704 592 festivi-

258 619 412 659 tatem
458 610 736 658 celebravit.
818 612 875 659 Et
920 611 1030 658 inde
1078 617 1191 675 post
1234 627 1330 658 non
1374 610 1556 659 multos
1599 609 1706 658 dies

256 678 562 742 Aquasgrani
613 677 842 738 veniens,
892 677 1098 722 Kailum
1145 675 1302 723 filium
1347 692 1492 724 suum
1525 676 1576 724 in
1608 683 1705 725 ter-

258 760 364 792 iam
400 744 689 791 Sclavorum
726 741 805 805 qui
842 741 1066 789 dicuntur
1101 740 1294 806 Sorabi,
1331 749 1381 790 et
1415 741 1592 790 sedent
1624 758 1705 791 su-

260 826 349 874 per
392 808 555 856 Albim
603 807 833 871 fluvium,
886 824 996 855 cum
1045 807 1260 856 exercitu
1280 779 1469 873 misit,
1514 806 1566 856 in
1610 823 1706 873 qua

257 875 564 940 expeditione
620 845 884 922 Miliduo⁷ch
931 874 1223 923 Sclavorum
1275 874 1374 922 dux
1418 874 1705 923 interfectus

259 949 359 1004 est,
404 941 600 1015 duoque
636 942 837 989 castella
874 940 935 988 ab
973 939 1189 989 exercitu
1226 940 1507 1004 aedificata,
1551 956 1705 989 unum

259 1023 408 1071 super
441 1007 598 1073 ripam
635 1006 853 1055 fluminis
884 1007 1046 1082 Salac,
1084 1007 1295 1054 alterum
1330 1007 1463 1056 iuxta
1498 1006 1704 1055 fluvium

259 1071 466 1121 Albim1.
538 1074 824 1138 Sclavisque
861 1074 1074 1138 pacatis,
1122 1074 1302 1122 Karlus
1338 1089 1449 1122 cum
1487 1073 1705 1121 exercitu

260 1156 543 1203 negressus,
591 1157 637 1186 ιιι
689 1141 796 1187 loco
842 1140 922 1203 qui
969 1140 1144 1188 dicitur
1186 1137 1324 1188 Silli²
1362 1155 1512 1215 super
1546 1138 1706 1205 ripam

259 1207 427 1254 Mosae
473 1205 690 1254 fluminis
727 1206 787 1254 ad
830 1207 1181 1271 impeiatorem
1217 1206 1363 1254 venit.
1445 1205 1595 1254 Missa
1629 1211 1707 1253 est

258 1280 306 1320 et
342 1288 517 1320 manus
554 1272 615 1319 de
644 1271 868 1319 Baioaria
905 1281 954 1320 et
989 1272 1280 1320 Alamannia
1315 1279 1462 1337 atque
1482 1271 1705 1336 Burgun-

257 1338 335 1385 dia
371 1338 499 1386 sicut
533 1354 661 1386 anno
697 1339 953 1403 superiore
999 1338 1047 1385 in
1093 1346 1281 1386 terram
1314 1338 1578 1402 Beeheim,
1622 1354 1706 1386 va·

258 1412 481 1468 stataque
516 1412 677 1452 terrae
712 1422 807 1452 non
844 1405 1046 1452 minima
1082 1405 1332 1470 portione,
1383 1404 1570 1470 absque
1605 1404 1706 1452 ullo

258 1472 398 1534 gravi
436 1471 749 1519 incommodo
787 1487 1031 1534 regressa.
1116 1472 1303 1519 Eodem
1340 1487 1468 1519 anno
1503 1471 1552 1519 in
1589 1471 1707 1520 Cor-

259 1537 411 1584 sicam
461 1537 671 1584 insulam
715 1546 882 1585 contla
927 1540 1126 1585 Mauros
1171 1538 1251 1601 qui
1301 1553 1414 1585 eam
1447 1537 1708 1586 vastabant

260 1604 433 1651 classis
470 1603 531 1649 de
560 1603 694 1650 ltalia
732 1620 759 1650 a
797 1603 1000 1668 Pippino
1037 1603 1188 1651 missa
1223 1611 1316 1665 est,
1352 1603 1490 1651 cuius
1525 1603 1707 1651 adven-

260 1678 364 1718 tum
418 1669 572 1716 Mauri
632 1686 728 1717 non
783 1677 1097 1734 expectantes
1149 1669 1521 1731 abscesserunt;
1580 1685 1707 1717 unus

259 1745 425 1784 tamen
445 1743 746 1799 nostrorum,
761 1736 1074 1783 Hadumarus
1087 1751 1254 1783 coines
1268 1735 1476 1784 civitatis
1488 1736 1706 1798 Genuae,

260 1802 578 1875 inprudenter
625 1809 794 1849 contra
841 1817 929 1850 eos
973 1801 1211 1849 dimicans
1256 1802 1447 1850 occisus
1492 1809 1582 1851 est.
1651 1801 1707 1849 ln

259 1867 493 1933 Hispania
530 1883 647 1915 vero
686 1868 889 1916 Navairi
927 1875 977 1916 et
1005 1868 1425 1933 pampilonenses,
1461 1869 1706 1934 quisupe-

258 1934 468 1983 rioribus
503 1935 643 1983 annis
679 1935 740 1982 ad
777 1935 1078 1982 Sarracenos
1113 1934 1420 1997 defecerant,
1472 1935 1519 1983 in
1555 1933 1622 1983 fid
1593 1935 1708 1982 dem

259 2001 443 2065 recepti
489 2009 615 2048 sunt.
703 2001 887 2049 Classis
932 2017 960 2047 a
996 2000 1211 2047 Niciforo
1256 2001 1583 2066 imperatore,
1631 2001 1707 2048 cui

260 2067 429 2115 Niceta
465 2066 695 2130 patricius
732 2074 982 2130 praeerat,
1023 2066 1084 2113 ad
1120 2066 1491 2131 reciperandam
1509 2067 1707 2115 Dalma-
1749 2102 1754 2106 ·

258 2132 377 2181 tiam
403 2132 626 2195 mittitur,
663 2141 712 2181 et
739 2133 888 2196 legati
916 2133 1001 2208 ‘qui
1035 2140 1148 2181 ante
1172 2140 1403 2197 quattuor
1421 2134 1527 2181 fere
1550 2149 1708 2182 annos
1750 2148 1754 2189 j

260 2199 320 2246 ad
357 2214 529 2261 regem
563 2199 825 2247 Persarum
862 2200 997 2247 missi
1036 2206 1172 2262 sunt,
1209 2215 1298 2274 per
1331 2199 1463 2266 ipsas
1497 2199 1706 2248 Graeca·
1747 2248 1754 2258 ,

259 2281 369 2311 rum
421 2265 618 2312 navium
671 2265 909 2313 stationes
962 2267 1250 2329 transvecti,
1313 2266 1373 2313 ad
1435 2266 1707 2315 Tarvisiani

259 2338 429 2396 portus
455 2332 833 2403 receptaculum,
871 2333 1006 2379 nullo
1033 2332 1428 2380 adversariorum
1446 2332 1706 2392 sentiente,

260 2411 477 2459 regress¹
503 2405 631 2443 sunt.
694 2399 966 2461 Imperator
987 2397 1254 2446 celebravit
1276 2398 1493 2447 natalem
1511 2398 1706 2447 Domini

259 2462 565 2526 Aquisgrani.
1742 2479 1754 2522 '5³

359 2528 470 2577 807.
522 2530 662 2576 Anno
711 2530 963 2594 superiore
1015 2531 1061 2578 4.
1111 2531 1232 2578 Νοιι.
1282 2529 1556 2596 Septembr.
1614 2531 1747 2579 fuit.-

259 2594 471 2660 eclypsis
516 2595 685 2657 lunae3
739 2603 854 2643 tunc
900 2596 1062 2645 stabat
1111 2598 1187 2645 sol
1235 2598 1282 2645 in
1332 2597 1522 2646 decima
1567 2604 1747 2645 sexta

261 2695 292 2741 1)
317 2694 427 2731 Hane
451 2702 487 2731 et
512 2696 663 2731 alterum
690 2703 813 2732 contra
838 2697 992 2743 Magdeb
982 2710 1079 2745 1;urg
1106 2699 1151 2734 cs.
1181 2698 1312 2734 Cbron.
1338 2698 1519 2735 Moissiac.
1545 2698 1589 2734 ad
1615 2698 1650 2734 h.
1672 2709 1706 2734 a.
1736 2695 1754 2746 ,ζ

259 2743 293 2787 2)
321 2742 437 2785 Sclle,
465 2745 507 2778 ad
534 2745 693 2780 dextram
720 2744 890 2781 Mosaer
873 2747 1009 2792 ri,pam
1036 2759 1149 2793 prope
1175 2745 1221 2781 Di
1225 2754 1319 2782 nant.
1732 2752 1741 2759 “
