1754 3120
233 206 298 254 40
641 203 939 253 ElNHARDl
989 204 1274 253 ANNALES

232 325 464 392 Pippinus
500 333 681 389 autem,
717 327 872 374 Hunis
907 333 1043 374 trans
1070 322 1267 374 Tizam¹
1304 324 1513 374 fluvium
1543 326 1685 402 liuga·-

232 391 323 456 tis,
358 407 632 455 eorumque
667 391 834 455 regia,
882 408 1032 457 quae,
1078 400 1132 441 ut
1167 392 1354 447 dictum
1379 399 1493 455 ‘esui
1517 393 1683 441 Hm*

231 474 325 521 gus
343 456 380 521 ²,
430 473 458 504 a
504 456 844 522 Langobardis
890 466 1056 508 autem
1089 459 1307 524 Campus
1342 458 1574 521 vocatum
1621 475 1681 507 ex

231 530 334 572 toto
379 523 657 588 destructa,
719 525 923 591 direptis
975 541 1103 590 pene
1152 525 1380 574 omnibus
1424 524 1682 574 nunmm

231 589 432 656 opibus,
478 591 539 639 ad
588 599 781 657 patrem
824 592 1120 656 Aquisgrani
1163 590 1683 640 hiberna-*habentem

230 657 390 719 venit,
434 672 491 704 ac
533 659 691 722 spolia
728 658 867 719 regni
905 673 1030 721 quae
1066 673 1235 705 secum
1270 657 1470 720 detulit,
1516 656 1686 706 eidein

231 723 578 787 praesentavit.
661 723 836 771 Tudun
885 723 1033 770 etiam
1072 722 1188 786 ille,
1225 723 1287 770 de
1323 738 1511 786 quousu
1549 723 1685 774 erius

228 790 417 838 mentio
444 790 571 837 facta
610 797 702 850 est,
737 788 888 836 fidem
920 789 1059 838 dictis
1081 790 1184 838 suis
1209 787 1514 852 adhihenesffi
1550 789 1684 838 idem

228 855 290 902 ad
334 870 507 918 regem
554 856 715 919 venit,
759 855 923 920 ibique
967 872 1078 903 cum
1125 854 1477 920 omnibuanui
1510 863 1683 905 secum

228 929 473 970 venerant
507 921 781 987 baptizatus
826 937 884 970 ac
929 929 1304 985 remuneratus,
1354 927 1468 986 post
1508 922 1683 972 datum

228 988 502 1036 servandae
550 988 665 1036 fidei
710 997 1075 1037 sacramentum
1125 989 1329 1036 domum
1373 987 1682 1051 rediit3'sed

226 1055 274 1102 in
310 1057 555 1120 promissa
590 1053 830 1104 fidelitate
865 1055 948 1103 diu
972 1071 1174 1103 manere
1196 1054 1370 1115 noluit,
1405 1069 1498 1102 nec
1522 1057 1680 1105 multo

226 1129 340 1185 post
382 1121 621 1187 perfidiae
666 1137 786 1170 suae
831 1138 1018 1187 poenas
1066 1121 1214 1170 dedit.
1285 1121 1387 1169 Rex·
1428 1136 1572 1184 vero,
1626 1128 1683 1170 ut

226 1188 410 1238 dictum
453 1196 555 1252 est,
600 1188 895 1253 Aquisgrani
941 1190 989 1237 in
1024 1188 1242 1236 hibernis
1279 1187 1565 1252 considens,
1612 1189 1680 1237 ibi

227 1261 277 1367 gt
324 1255 541 1303 natalem
586 1255 782 1303 Domini
835 1263 884 1303 et
933 1256 1115 1321 pascha
1165 1271 1305 1303 more
1354 1254 1501 1303 solito
1532 1256 1680 1304 cele.-

260 1320 397 1369 ravit.

326 1387 436 1436 797.
481 1386 755 1436 Barcinona
790 1387 963 1454 civitas
999 1387 1050 1434 in
1086 1387 1243 1435 limite
1266 1383 1532 1454 Hispanico*
1565 1387 1680 1457 sita,

225 1469 350 1518 quae
371 1454 647 1503 alternante
671 1470 837 1502 rerum
865 1461 1046 1503 eventu
1082 1471 1211 1503 nunc
1229 1454 1528 1518 Francorum
1548 1450 1679 1518 nunc

225 1519 612 1569 Sarracenorum
647 1520 826 1569 dicioni
863 1521 1211 1583 subiciebatur,
1246 1516 1444 1582 tandem
1479 1515 1678 1591 petza·

224 1594 327 1634 tum
380 1586 734 1650 Sarracenum,
787 1587 867 1651 qui
921 1594 1038 1635 tunc
1086 1603 1198 1634 eam
1243 1581 1679 1653 invaSera'tsJegi

226 1652 418 1702 reddita
454 1661 542 1702 est.
624 1654 751 1702 Nam
787 1654 829 1705 is
865 1653 1068 1722 aestatis
1110 1652 1247 1701 initio
1282 1650 1681 1723 Aquisgrani‘ad

223 1735 396 1783 regem
432 1719 593 1783 venit,
639 1736 791 1785 seque
841 1736 957 1785 cum¹
988 1727 1266 1769 memorata
1301 1716 1685 1786 civitatespdln-{V

223 1793 368 1834 tanea
416 1785 665 1834 deditione
702 1786 834 1835 illius
868 1786 1102 1852 potestati
1140 1784 1379 1850 permisit.
1456 1784 1678 1854 Qua-'‘rej-

224 1859 383 1918 cepta,
420 1869 506 1901 rex
532 1851 690 1900 filium
726 1869 870 1902 suum
905 1852 1243 1902 Hludewicum
1271 1846 1332 1900 ad
1368 1848 1685 1917 obsidionem·

224 1917 414 1968 Oscae³
461 1936 572 1968 cum
621 1920 838 1968 exercitu
874 1919 921 1967 in
958 1916 1247 1983 Hispaniam
1283 1917 1446 1981 misit,
1488 1925 1537 1967 et
1567 1911 1684 1986 'ipse'

224 2002 362 2039 more
399 1987 543 2034 solito
580 1993 783 2051 propter
818 1984 1216 2034 contundendam
1260 1983 1480 2049 perfidae
1514 1983 1679 2053 gentis

223 2051 582 2103 contumaciam
628 2051 894 2101 Saxoniam
949 2059 1231 2100 vastaturus
1281 2050 1538 2114 intravit]
1575 2050 1678 2121 Nep

222 2118 358 2183 prius
395 2117 600 2181 destitit,
636 2134 783 2183 quam
819 2133 993 2166 omnes
1020 2117 1258 2167 terminos
1295 2117 1400 2166 eius
1418 2113 1678 2193 peragras·

223 2192 312 2233 set.
396 2185 519 2232 Nam
557 2201 713 2249 usque
750 2183 811 2232 ad
848 2184 1048 2232 ultimos
1085 2183 1208 2231 fines
1245 2183 1382 2248 eius,
1422 2179 1681 2251 quas-ihtelf

222 2250 386 2300 Albim
423 2258 473 2299 et
508 2250 759 2299 Wisuram
794 2267 978 2299 oceano
1015 2250 1242 2315 alluitur,
1265 2247 1517 2321 -accessit'
1548 2235 1578 2298 ¹1
1612 2240 1683 2312 ‘eg

222 2334 515 2382 regressus,
550 2334 663 2371 cum
686 2319 726 2366 A
765 2317 996 2381 uasgrani
1031 2317 1264 2381 venisset,
1298 2314 1462 2382 ibique
1480 2313 1681 2382 .‚'Ab,2‚el·'

223 2385 322 2434 lam
346 2383 691 2447 Sarracenum,
728 2335 884 2433 Elium
912 2383 1242 2447 Ibin-Mauge
1269 2383 1420 2447 regis,
1454 2367 1681 2458 deJMa'ue

222 2449 400 2499 ritania
453 2449 514 2498 ad
565 2466 620 2498 se
666 2450 947 2500 venientem
983 2449 1310 2516 suscepisset,
1358 2444 1676 2518 legatumque

223 2517 422 2565 Nicetae
442 2516 633 2582 patricii
653 2516 735 2580 qui
761 2524 878 2565 tunc
901 2515 1118 2565 Siciliam
1143 2515 1454 2583 procurabat,
1474 2509 1675 2591 nornine

224 2583 589 2646 Theoctistum,
637 2582 826 2632 litteras
876 2583 1188 2648 imperatoris
1235 2583 1296 2631 de
1332 2581 1675 2632 Constantino-

229 2671 258 2713 1)
283 2671 393 2708 bodie
417 2670 559 2708 Theiss.
659 2671 694 2719 2)
720 2675 799 2720 ring]
825 2674 945 2719 lingua
963 2672 1091 2709 nostra
1110 2673 1280 2716 circulus‚·
1304 2673 1479 2714 nmium
1506 2671 1552 2707 de
1576 2669 1679 2707 Arva·-

225 2732 347 2756 rorum
375 2721 524 2766 regione
550 2720 596 2756 cf.
622 2719 838 2756 Monachum
865 2720 1132 2767 sangallensem
1153 2722 1215 2756 lib.
1242 2722 1275 2774 2.
1300 2725 1341 2756 οξ
1358 2723 1390 2758 1.
1451 2719 1502 2766 ’3)
1520 2718 1679 2756 Hessos.
