1754 3120
611 213 663 260 A.
701 210 812 259 823.
849 208 960 259 824.
1443 207 1508 255 89

59 338 266 396 amnt,
314 333 395 398 qui
440 332 590 382 etiam
632 333 801 396 paucis
844 336 958 396 post
1002 327 1269 377 adventum
1308 328 1506 376 illorum

61 397 243 453 endis
278 399 455 448 diebus
488 398 588 447 vita
624 399 849 447 decessit.
934 396 988 443 ln
1025 395 1162 444 cuius
1198 395 1359 443 locum
1395 410 1506 442 cum

0 474 3 522 ἓ
61 463 160 519 (luo
194 480 285 531 per
317 464 683 515 contentionem
718 464 882 528 populi
914 462 1124 511 fuissent
1155 461 1313 524 electi,
1348 461 1507 524 Euge-

60 530 174 581 nius
218 538 410 595 tamen,
458 530 840 595 archipresbiter
883 529 1007 578 tituli
1044 535 1244 575 sanctae
1280 527 1508 590 Sabinae,

59 597 291 651 vinculo
322 596 560 647 nobilium
596 604 759 661 parte,
802 595 1099 656 subrogatus
1136 602 1280 656 atque
1317 594 1507 641 ordina-

59 669 264 718 tutzeflt
343 663 493 713 Cuius
528 662 598 710 rei
634 662 860 710 nuntium
896 676 1007 709 cum
1045 660 1277 718 Quirinus
1313 660 1509 707 subdia-

59 743 241 793 conus,
282 745 410 779 unus
444 746 503 778 ex
539 729 614 777 his
650 728 730 792 qui
766 727 917 792 priori
951 725 1200 790 legatione
1236 725 1508 788 fungeban-

58 801 166 859 tur,
209 795 272 845 ad
305 796 658 861 imperatorem
704 793 989 856 detulisset⁷
1038 800 1282 841 conventu
1317 792 1509 841 circiter

57 860 107 914 8,.
139 861 391 912 Kalendas
426 862 512 910 lul.
548 861 860 926 pronuntiato
897 868 1044 924 atque
1080 858 1381 923 Compendio
1422 860 1508 906 ha-

58 926 182 992 bito,
214 928 323 994 ipse
357 928 420 977 ad
444 927 796 976 Brittannicam
825 925 1187 991 expeditionem
1222 942 1312 989 per
1347 941 1400 973 se
1436 926 1507 972 fa·

0 1011 3 1014 ’
58 993 284 1056 ciendam
318 995 483 1044 animo
519 997 724 1056 intento,
759 994 1070 1041 Hlotharium
1105 991 1280 1055 filium,
1315 991 1508 1055 imperii

0 1076 11 1118 dv

57 1060 257 1125 sonum,
291 1061 501 1110 Romam
536 1061 733 1126 mittere
770 1060 1004 1120 decrevit,
1045 1058 1238 1126 utlvice
1275 1074 1362 1106 sua
1401 1059 1507 1106 fun-

57 1133 192 1192 um,
217 1142 280 1177 ea
310 1143 436 1191 quae
471 1143 638 1175 rerum
673 1127 942 1174 necessitas
978 1124 1203 1187 flagitare
1231 1123 1506 1187 videbatur,

57 1207 172 1244 cum
215 1210 347 1244 novo
392 1193 624 1258 pontifice
670 1194 952 1258 populoque
999 1193 1221 1240 Romano
1267 1197 1509 1239 statueret

0 1305 2 1312 .
58 1266 207 1324 atque
241 1258 471 1309 firmaret.
540 1260 601 1308 Et
635 1259 717 1307 ille
745 1259 943 1324 quidem
967 1258 1027 1306 ad
1052 1259 1174 1305 haec
1193 1258 1508 1322 exsequenda

57 1331 175 1400 post
218 1326 436 1376 medium
477 1327 755 1390 Augustum
798 1325 848 1372 in
883 1325 1074 1374 ltaliam
1119 1326 1370 1388 profectus
1413 1332 1506 1387 est,

57 1400 330 1458 imperator
364 1409 483 1442 vero
519 1393 611 1442 iter
646 1393 777 1457 quod
814 1392 862 1439 in
884 1391 1208 1440 Brittanniam
1230 1392 1393 1438 facere
1423 1406 1506 1454 pa·

57 1466 281 1521 tavent,
333 1466 536 1525 propter
594 1460 777 1507 famem
829 1475 955 1523 quae
1011 1458 1171 1505 adhuc
1224 1457 1507 1522 praevalida

58 1532 191 1590 etat,
237 1542 392 1591 usque
438 1526 499 1574 ad
549 1525 740 1574 initium
788 1524 1007 1573 autumni
1051 1524 1255 1586 adgredi
1292 1523 1506 1571 distulit:

0 1598 6 1639 ἱ
56 1599 162 1641 tum
197 1590 414 1654 demum,
451 1592 676 1640 adunatis
714 1592 922 1655 undique
958 1589 1185 1638 omnibus
1210 1590 1379 1653 copiis,
1416 1588 1507 1636 Re-

57 1657 214 1708 donas
249 1658 494 1707 civitatem
531 1657 755 1706 terminis
789 1657 1056 1706 Brittaniae
1106 1657 1387 1719 contiguam
1423 1671 1507 1703 ve-

55 1725 145 1788 nit,
179 1732 232 1774 et
264 1724 379 1772 inde
415 1724 572 1772 diviso
609 1725 657 1771 in
692 1732 793 1772 tres
828 1731 994 1788 partes
1025 1724 1258 1785 exercitu,
1294 1721 1507 1770 duabus-

0 1828 5 1853 7
92 1805 153 1839 ue
187 1790 408 1856 partibus
451 1789 566 1837 filiis
610 1790 712 1838 suis
748 1790 953 1854 Pippino
998 1797 1048 1837 et
1082 1789 1366 1837 Hludowico
1411 1796 1508 1836 tra-

0 1856 2 1874 ³
57 1809 190 1920 355⁸,
226 1857 468 1921 tertiaque
504 1872 671 1904 secum
710 1864 921 1918 retenta,
961 1854 1282 1903 Brittanniam
1318 1854 1508 1917 ingres-

39 1919 162 1985 sus,
196 1930 353 1972 totam
389 1924 520 1971 ferro
557 1930 606 1971 et
642 1923 742 1985 igni
773 1922 1068 1981 devastavit3
1105 1920 1508 1985 consumptisque

56 1989 107 2039 in
142 1990 236 2039 hac
269 1989 577 2055 expeditione
614 1989 680 2036 40
714 1990 792 2036 vel
840 2005 897 2036 eo
935 1988 1147 2052 amplius
1183 1987 1384 2049 diebus,
1430 2003 1508 2034 ac·

56 2055 213 2122 ceptis
247 2071 370 2121 quos
406 2055 594 2121 perfido
631 2054 908 2104 Brittonum
953 2055 1134 2119 populo
1178 2054 1510 2118 imperaverat

56 2120 327 2185 obsidibus,
362 2123 692 2184 Ratumagum
729 2121 994 2182 civitatem,
1036 2120 1117 2167 ubi
1155 2120 1415 2183 coniugem
1453 2135 1506 2168 se

19 2220 28 2228 ·
57 2187 239 2254 operiri
274 2188 500 2250 iusserat,
538 2204 579 2235 a.
607 2187 650 2234 d.
690 2187 765 2234 15.
793 2188 1041 2235 Kalendas
1075 2186 1306 2234 Decemb.
1343 2202 1507 2234 rever-

57 2270 145 2304 sus
178 2261 270 2304 est.
340 2254 464 2302 Nam
501 2261 550 2302 et
583 2254 697 2301 illuc
733 2254 922 2316 legatos
958 2252 1210 2300 Michaelis
1246 2253 1508 2316 imperato-

57 2320 129 2371 ris
169 2320 252 2386 qui
287 2320 350 2368 ad
386 2336 499 2369 eum
545 2319 862 2369 mittebantur
910 2318 1000 2367 sibi
1046 2333 1302 2366 occurrere
1348 2317 1508 2378 iussit,

58 2402 171 2436 cum
206 2386 383 2452 quibus
426 2395 478 2436 et
519 2387 816 2435 Fortunatus
852 2385 1128 2451 patriarcha
1164 2384 1508 2432 Veneticorum

25 2468 348 2518 .regressus.‚
396 2453 458 2501 ad
493 2453 598 2502 eius
633 2454 768 2501 venit
806 2451 1150 2517 praesentiam.
1223 2450 1321 2499 Sed
1358 2450 1507 2514 legati

57 2519 372 2585 imperatoris
417 2520 605 2568 litteras
659 2527 708 2568 et
754 2535 957 2567 munera
1010 2518 1323 2580 deferentes,
1375 2517 1509 2581 pacis

21 2585 425 2637 confirmandae
469 2602 614 2634 causa
662 2603 716 2634 se
753 2586 933 2634 missos
969 2600 1080 2632 esse
1125 2583 1370 2645 dicentes,
1418 2599 1508 2647 pro

57 2651 324 2703 Fortunato
360 2652 480 2701 nihil
517 2652 664 2701 locuti
701 2660 837 2713 sunt3
876 2652 1002 2700 inter
1038 2658 1231 2698 caetera
1257 2658 1419 2698 tamen
1446 2648 1507 2695 ad

58 2718 356 2781 legationem
405 2735 545 2769 suam
597 2718 890 2783 pertinentia
935 2717 1177 2782 quaedam
1225 2716 1285 2763 de
1337 2715 1508 2778 imagi-
