1754 3120
230 216 297 265 46
647 214 948 264 ElNHARDl
988 214 1276 264 ANNALES

231 335 469 385 cillimum
505 342 635 398 erat,
682 334 811 399 quod
848 334 1009 401 primo
1045 335 1331 384 inchoatum
1362 343 1469 402 est,
1510 336 1574 387 de
1606 337 1679 387 in-

231 402 533 465 vestigandis
568 401 796 450 videlicet
821 417 946 467 quae
980 400 1198 467 pontifici
1229 401 1566 454 obiciebantur
1589 404 1680 454 cri-

230 469 457 517 minibus.
528 468 621 527 Qui
658 475 852 532 tamen,
895 476 1161 534 postquam
1209 469 1373 517 nullus
1410 470 1680 520 eorundem

230 536 491 583 criminum
525 533 760 599 probator
794 550 906 583 esse
928 535 1097 599 voluit,
1133 550 1302 585 coram
1327 535 1462 584 omni
1498 537 1680 603 populo

230 602 279 649 in
317 601 518 650 basilica
564 600 696 649 beati
742 601 872 650 Petri
917 602 1128 666 apostoli
1164 602 1479 666 euangelium
1515 604 1682 653 ferens

230 667 496 717 ambonem
542 667 857 728 conscendit,
905 667 1231 731 invocatoque
1274 676 1476 719 sanctae
1525 669 1682 719 Trini-

229 735 347 784 tatis
388 734 612 794 nomine,
665 732 727 779 de
778 732 983 781 obiectis
1038 747 1094 781 se
1142 732 1435 784 criminibus¹
1471 735 1679 785 iurando

228 801 472 866 purgavit.
554 798 743 846 Eadem
792 798 872 847 die
921 798 1185 849 Zacharias
1213 795 1483 865 ‘presbiter
1533 816 1681 866 quem

229 884 317 915 rex
353 865 735 922 Hierosolimam
771 865 1006 928 miserat,
1046 882 1158 914 cum
1195 866 1389 916 duobus
1424 869 1680 917 monachis

229 950 352 999 quos
388 932 667 999 patriarcha
709 947 821 980 cum
866 949 926 980 eo
961 932 1023 980 ad
1057 948 1230 996 regem
1265 933 1428 998 misit,
1472 934 1681 984 Romam

227 1000 394 1061 venit,
443 999 523 1064 qui
560 998 914 1047 benedictionis
949 999 1109 1062 gratia
1144 1000 1310 1048 claves
1344 1016 1400 1049 se
1437 1000 1557 1049 ulcri
1594 1000 1681 1050 do-

228 1066 394 1115 minici
445 1082 503 1115 ac
552 1065 648 1114 loci
699 1066 943 1114 calvariae
995 1081 1105 1114 cum
1155 1066 1335 1115 vexillo
1417 1067 1679 1116 etulerunt.

230 1135 367 1192 Quos
402 1148 489 1181 rex
526 1131 740 1196 benigne
763 1139 991 1197 receptos
1014 1148 1104 1197 per
1139 1133 1324 1198 aliquot
1358 1132 1466 1182 dies
1503 1149 1678 1183 secum

229 1199 468 1262 detinuit,
514 1206 564 1247 et
605 1198 765 1246 redire
811 1200 1036 1248 volentes
1072 1205 1415 1249 remuneratos
1450 1199 1678 1249 absolvit.

327 1265 441 1314 801.
488 1265 601 1329 Ipse
653 1272 821 1313 autem
869 1282 981 1313 cum
1016 1266 1095 1313 die
1132 1266 1467 1315 sacratissima
1501 1266 1678 1315 natalis

227 1331 423 1379 Domini
473 1331 536 1378 ad
579 1330 845 1379 missarum
888 1332 1131 1380 solemnia
1175 1331 1470 1380 celebranda
1514 1332 1679 1382 basili-

227 1414 336 1446 cam
373 1397 503 1446 beati
540 1396 667 1445 Petri
714 1397 926 1462 apostoli
973 1398 1149 1447 fuisset
1182 1398 1463 1463 ingressus,
1516 1406 1566 1448 et
1601 1415 1678 1447 co·

228 1480 334 1512 ram
374 1464 543 1526 altari,
591 1462 674 1510 ubi
722 1464 785 1533 agl
821 1464 1098 1514 orationem
1132 1480 1187 1512 se
1221 1464 1559 1528 inclinaverat,
1593 1464 1677 1513 ad-

226 1531 454 1593 sisteret,
506 1529 607 1577 Leo
651 1545 780 1593 papa
826 1547 1059 1578 coronam
1101 1531 1247 1595 capiti
1291 1531 1399 1580 eius
1441 1532 1491 1579 in
1529 1531 1677 1595 osuit,

226 1604 402 1646 cuncto
453 1595 788 1643 Romanorum
850 1597 1034 1662 populo
1087 1596 1422 1645 adclamante:
1536 1596 1676 1645 arolo

224 1662 453 1726 AuyustO,
490 1677 523 1708 α
547 1661 651 1709 Deo
685 1666 921 1710 coronato
954 1677 1132 1725 mayno
1159 1666 1207 1710 et
1234 1665 1435 1724 pacifico
1469 1663 1675 1725 impera-

226 1731 321 1778 tori
343 1729 689 1788 Romanorum,
725 1729 824 1775 vita
859 1733 906 1775 et
936 1730 1170 1776 victoria!
1205 1729 1322 1776 Post
1356 1745 1479 1793 quas
1504 1729 1677 1778 laudes

226 1797 288 1844 ab
336 1795 515 1844 eodem
567 1793 799 1858 pontifice
856 1810 998 1842 more
1042 1793 1357 1858 antiquorum
1398 1794 1677 1860 principum

225 1863 459 1911 adoratus
507 1867 608 1923 est,
661 1875 718 1907 ac
754 1859 959 1924 deinde,
1007 1860 1193 1909 omisso
1230 1860 1423 1909 Patricii
1458 1861 1674 1925 nomine,

224 1930 502 1994 Imperator
552 1933 603 1974 et
644 1927 897 1989 Augustus
955 1928 1244 1991 appellatus.
1331 1928 1448 1975 Post
1491 1942 1675 1992 paucos

224 2012 344 2044 vero
367 1994 490 2056 dies,
525 1991 725 2040 iubente
762 1992 886 2056 ipso,
921 1991 989 2040 hii
1025 1993 1104 2057 qui
1140 1992 1353 2040 eundem
1388 1992 1675 2058 pontificem

225 2078 352 2110 anno
397 2057 652 2124 superiore
689 2057 1053 2123 deposuerunt,
1104 2058 1152 2106 in
1189 2058 1423 2108 iudicium
1459 2058 1672 2123 adducti,

224 2135 274 2176 et
309 2125 476 2175 habita
510 2123 572 2172 de
608 2124 679 2172 eis
715 2125 1028 2189 quaestione,
1072 2125 1343 2173 secundum
1378 2125 1545 2188 legem
1577 2124 1673 2174 Ro-

224 2209 451 2254 manam,
498 2197 553 2238 ut
596 2190 870 2239 maiestatis
914 2190 1013 2251 rei,
1063 2191 1235 2255 capitis
1282 2191 1501 2240 damnati
1544 2199 1671 2242 sunt.

223 2261 317 2309 Pro
371 2258 547 2323 quibus
581 2263 749 2305 tamen
783 2273 911 2322 papa
963 2257 1043 2322 pio
1081 2258 1260 2306 affectu
1295 2258 1434 2322 apud,
1461 2257 1673 2323 impera-

223 2335 386 2375 torem
421 2323 729 2387 intercessit,
773 2340 889 2371 nam
925 2331 974 2372 et
1009 2325 1107 2372 vita
1143 2331 1192 2371 et
1227 2323 1566 2372 membrorum
1601 2324 1672 2372 in-

224 2394 431 2456 tegritas
484 2389 556 2438 eis
602 2405 838 2437 concessa
881 2397 982 2453 est3
1034 2397 1253 2439 ceterum
1308 2406 1398 2455 pro
1441 2389 1672 2440 facinoris

223 2456 563 2522 magnitudine
600 2455 742 2503 exilio
783 2456 1026 2520 deportati
1062 2463 1187 2504 sunt.
1257 2455 1412 2505 Huius
1446 2455 1671 2505 factionis

223 2527 362 2574 fuere
397 2522 643 2589 principes
678 2521 926 2570 Paschalis
962 2520 1328 2572 nomenclator¹
1376 2530 1426 2572 et
1460 2522 1580 2572 Cam
1618 2539 1671 2571 u-

223 2593 302 2642 lus
337 2588 651 2653 saccellarius
665 2587 700 2652 ²,
749 2596 797 2637 et
832 2589 974 2638 multi
1011 2589 1093 2637 alii
1129 2590 1381 2638 Romanae
1415 2587 1551 2637 urbis
1621 2604 1671 2637 a-

227 2693 259 2739 1)
287 2692 536 2728 nomenclator
559 2693 597 2727 in
623 2690 918 2739 processionibus
935 2692 1141 2739 pontificem
1169 2704 1263 2741 equo
1288 2690 1507 2739 sequabatur
1531 2696 1568 2727 et
1591 2691 1670 2727 eius

226 2741 325 2777 iussu
351 2741 520 2778 convivas
546 2741 591 2776 ad
617 2750 777 2776 mensam
803 2741 967 2787 papalem
994 2740 1153 2776 vocabat.
1251 2740 1287 2786 2)
1312 2739 1391 2775 fisci
1417 2744 1550 2775 custos.
