<?xml version="1.0" encoding="UTF-8"?>
<!DOCTYPE html PUBLIC "-//W3C//DTD XHTML 1.0 Transitional//EN"
    "http://www.w3.org/TR/xhtml1/DTD/xhtml1-transitional.dtd">
<html xmlns="http://www.w3.org/1999/xhtml" xml:lang="en" lang="en">
 <head>
  <title>
</title>
<meta http-equiv="Content-Type" content="text/html;charset=utf-8" />
  <meta name='ocr-system' content='tesseract 3.04.00' />
  <meta name='ocr-capabilities' content='ocr_page ocr_carea ocr_par ocr_line ocrx_word'/>
</head>
<body>
  <div class='ocr_page' id='page_1' title='image "./annaleseinhard00einhuoft_0106.png"; bbox 0 0 1754 3120; ppageno 0'>
   <div class='ocr_carea' id='block_1_1' title="bbox 233 165 1326 253">
    <p class='ocr_par' dir='ltr' id='par_1_1' title="bbox 233 165 1326 253">
     <span class='ocr_line' id='line_1_1' title="bbox 233 165 1326 253; baseline 0 -1"><span class='ocrx_word' id='word_1_1' title='bbox 233 204 299 253; x_wconf 84' lang='lat'>92</span> <span class='ocrx_word' id='word_1_2' title='bbox 642 203 945 252; x_wconf 81' lang='lat' dir='ltr'><strong>EINHARDI</strong></span> <span class='ocrx_word' id='word_1_3' title='bbox 982 203 1270 252; x_wconf 79' lang='lat' dir='ltr'><strong>ANNALES</strong></span> <span class='ocrx_word' id='word_1_4' title='bbox 1324 165 1326 170; x_wconf 26' lang='grc' dir='ltr'>Ι</span> 
     </span>
    </p>
   </div>
   <div class='ocr_carea' id='block_1_2' title="bbox 234 323 1694 2778">
    <p class='ocr_par' dir='ltr' id='par_1_2' title="bbox 234 323 1694 2574">
     <span class='ocr_line' id='line_1_2' title="bbox 235 323 1680 388; baseline -0.001 -14"><span class='ocrx_word' id='word_1_5' title='bbox 235 341 367 388; x_wconf 84' lang='lat' dir='ltr'>sans,</span> <span class='ocrx_word' id='word_1_6' title='bbox 405 324 559 371; x_wconf 88' lang='lat' dir='ltr'>donec</span> <span class='ocrx_word' id='word_1_7' title='bbox 584 324 644 371; x_wconf 87' lang='lat' dir='ltr'>ab</span> <span class='ocrx_word' id='word_1_8' title='bbox 669 324 949 372; x_wconf 85' lang='lat' dir='ltr'>hominibus</span> <span class='ocrx_word' id='word_1_9' title='bbox 979 324 1227 373; x_wconf 88' lang='lat' dir='ltr'>Lantberti</span> <span class='ocrx_word' id='word_1_10' title='bbox 1250 323 1440 372; x_wconf 81' lang='lat' dir='ltr'>comitis</span> <span class='ocrx_word' id='word_1_11' title='bbox 1460 325 1509 373; x_wconf 90' lang='lat' dir='ltr'>in</span> <span class='ocrx_word' id='word_1_12' title='bbox 1531 324 1680 372; x_wconf 87' lang='lat' dir='ltr'>domo</span> 
     </span>
     <span class='ocr_line' id='line_1_3' title="bbox 235 390 1682 456; baseline -0.001 -17"><span class='ocrx_word' id='word_1_13' title='bbox 235 391 431 456; x_wconf 86' lang='lat' dir='ltr'>propria</span> <span class='ocrx_word' id='word_1_14' title='bbox 467 393 827 439; x_wconf 89' lang='lat' dir='ltr'>circumventus</span> <span class='ocrx_word' id='word_1_15' title='bbox 864 399 1009 455; x_wconf 78' lang='lat' dir='ltr'>atque</span> <span class='ocrx_word' id='word_1_16' title='bbox 1045 391 1332 439; x_wconf 86' lang='lat' dir='ltr'>interfectus</span> <span class='ocrx_word' id='word_1_17' title='bbox 1368 397 1456 439; x_wconf 86' lang='lat' dir='ltr'>est.</span> <span class='ocrx_word' id='word_1_18' title='bbox 1512 390 1682 455; x_wconf 87' lang='lat' dir='ltr'>lmpe·</span> 
     </span>
     <span class='ocr_line' id='line_1_4' title="bbox 236 457 1683 521; baseline 0 -17"><span class='ocrx_word' id='word_1_19' title='bbox 236 465 370 505; x_wconf 82' lang='lat' dir='ltr'>r·atoi</span> <span class='ocrx_word' id='word_1_20' title='bbox 404 472 540 520; x_wconf 88' lang='lat' dir='ltr'>vero,</span> <span class='ocrx_word' id='word_1_21' title='bbox 578 457 742 506; x_wconf 88' lang='lat' dir='ltr'>audita</span> <span class='ocrx_word' id='word_1_22' title='bbox 778 457 1105 521; x_wconf 86' lang='lat' dir='ltr'>Bulgarorum</span> <span class='ocrx_word' id='word_1_23' title='bbox 1142 457 1414 520; x_wconf 79' lang='lat' dir='ltr'>legatione</span> <span class='ocrx_word' id='word_1_24' title='bbox 1451 470 1540 520; x_wconf 84' lang='lat' dir='ltr'>per</span> <span class='ocrx_word' id='word_1_25' title='bbox 1573 470 1683 504; x_wconf 79' lang='lat' dir='ltr'>eos-</span> 
     </span>
     <span class='ocr_line' id='line_1_5' title="bbox 235 522 1683 587; baseline -0.001 -17"><span class='ocrx_word' id='word_1_26' title='bbox 235 524 347 570; x_wconf 92' lang='lat' dir='ltr'>dem</span> <span class='ocrx_word' id='word_1_27' title='bbox 384 523 466 587; x_wconf 90' lang='lat' dir='ltr'>qui</span> <span class='ocrx_word' id='word_1_28' title='bbox 501 523 561 570; x_wconf 89' lang='lat' dir='ltr'>ad</span> <span class='ocrx_word' id='word_1_29' title='bbox 597 539 712 571; x_wconf 90' lang='lat' dir='ltr'>eum</span> <span class='ocrx_word' id='word_1_30' title='bbox 750 525 886 572; x_wconf 89' lang='lat' dir='ltr'>missi</span> <span class='ocrx_word' id='word_1_31' title='bbox 923 524 1118 572; x_wconf 84' lang='lat' dir='ltr'>fuerant</span> <span class='ocrx_word' id='word_1_32' title='bbox 1152 524 1343 586; x_wconf 85' lang='lat' dir='ltr'>legatos</span> <span class='ocrx_word' id='word_1_33' title='bbox 1378 522 1482 585; x_wconf 82' lang='lat' dir='ltr'>regi</span> <span class='ocrx_word' id='word_1_34' title='bbox 1512 531 1683 569; x_wconf 82' lang='lat' dir='ltr'>eorum</span> 
     </span>
     <span class='ocr_line' id='line_1_6' title="bbox 236 587 1685 655; baseline -0.001 -18"><span class='ocrx_word' id='word_1_35' title='bbox 236 589 403 638; x_wconf 85' lang='lat' dir='ltr'>missis</span> <span class='ocrx_word' id='word_1_36' title='bbox 440 589 633 653; x_wconf 86' lang='lat' dir='ltr'>litteris,</span> <span class='ocrx_word' id='word_1_37' title='bbox 669 597 815 655; x_wconf 89' lang='lat' dir='ltr'>prout</span> <span class='ocrx_word' id='word_1_38' title='bbox 851 590 1108 638; x_wconf 85' lang='lat' dir='ltr'>videbatur</span> <span class='ocrx_word' id='word_1_39' title='bbox 1144 588 1423 654; x_wconf 72' lang='lat' dir='ltr'>respondit,</span> <span class='ocrx_word' id='word_1_40' title='bbox 1460 587 1685 636; x_wconf 76' lang='lat' dir='ltr'>dimisso-</span> 
     </span>
     <span class='ocr_line' id='line_1_7' title="bbox 235 655 1686 720; baseline -0.002 -16"><span class='ocrx_word' id='word_1_41' title='bbox 235 674 330 720; x_wconf 86' lang='lat' dir='ltr'>que</span> <span class='ocrx_word' id='word_1_42' title='bbox 374 664 645 719; x_wconf 88' lang='lat' dir='ltr'>conventu,</span> <span class='ocrx_word' id='word_1_43' title='bbox 693 656 741 702; x_wconf 89' lang='lat' dir='ltr'>in</span> <span class='ocrx_word' id='word_1_44' title='bbox 785 657 1033 718; x_wconf 84' lang='lat' dir='ltr'>Vosegum</span> <span class='ocrx_word' id='word_1_45' title='bbox 1082 656 1142 701; x_wconf 87' lang='lat' dir='ltr'>ad</span> <span class='ocrx_word' id='word_1_46' title='bbox 1180 655 1422 703; x_wconf 89' lang='lat' dir='ltr'>Rumerici</span> <span class='ocrx_word' id='word_1_47' title='bbox 1465 660 1686 702; x_wconf 86' lang='lat' dir='ltr'>montem</span> 
     </span>
     <span class='ocr_line' id='line_1_8' title="bbox 234 720 1687 786; baseline -0.003 -15"><span class='ocrx_word' id='word_1_48' title='bbox 234 723 445 771; x_wconf 91' lang='lat' dir='ltr'>venandi</span> <span class='ocrx_word' id='word_1_49' title='bbox 481 723 636 785; x_wconf 83' lang='lat' dir='ltr'>gratia</span> <span class='ocrx_word' id='word_1_50' title='bbox 674 722 950 786; x_wconf 87' lang='lat' dir='ltr'>profectus,</span> <span class='ocrx_word' id='word_1_51' title='bbox 996 721 1153 768; x_wconf 85' lang='lat' dir='ltr'>filium</span> <span class='ocrx_word' id='word_1_52' title='bbox 1197 736 1339 768; x_wconf 90' lang='lat' dir='ltr'>suum</span> <span class='ocrx_word' id='word_1_53' title='bbox 1375 720 1687 768; x_wconf 86' lang='lat' dir='ltr'>Hlotharium</span> 
     </span>
     <span class='ocr_line' id='line_1_9' title="bbox 236 786 1687 862; baseline -0.002 -26"><span class='ocrx_word' id='word_1_54' title='bbox 236 806 295 836; x_wconf 88' lang='lat' dir='ltr'>ex</span> <span class='ocrx_word' id='word_1_55' title='bbox 323 789 461 837; x_wconf 84' lang='lat' dir='ltr'>Italia</span> <span class='ocrx_word' id='word_1_56' title='bbox 499 803 783 851; x_wconf 84' lang='lat' dir='ltr'>regressum</span> <span class='ocrx_word' id='word_1_57' title='bbox 819 787 983 862; x_wconf 89' lang='lat' dir='ltr'>ibique</span> <span class='ocrx_word' id='word_1_58' title='bbox 1020 787 1080 834; x_wconf 88' lang='lat' dir='ltr'>ad</span> <span class='ocrx_word' id='word_1_59' title='bbox 1117 802 1171 834; x_wconf 89' lang='lat' dir='ltr'>se</span> <span class='ocrx_word' id='word_1_60' title='bbox 1209 786 1488 834; x_wconf 86' lang='lat' dir='ltr'>venientem</span> <span class='ocrx_word' id='word_1_61' title='bbox 1522 800 1687 835; x_wconf 81' lang='lat' dir='ltr'>susce·</span> 
     </span>
     <span class='ocr_line' id='line_1_10' title="bbox 235 852 1687 920; baseline -0.002 -18"><span class='ocrx_word' id='word_1_62' title='bbox 235 856 332 920; x_wconf 88' lang='lat' dir='ltr'>pit,</span> <span class='ocrx_word' id='word_1_63' title='bbox 382 871 438 901; x_wconf 91' lang='lat' dir='ltr'>ac</span> <span class='ocrx_word' id='word_1_64' title='bbox 472 862 667 919; x_wconf 85' lang='lat' dir='ltr'>peracta</span> <span class='ocrx_word' id='word_1_65' title='bbox 703 854 963 902; x_wconf 88' lang='lat' dir='ltr'>venatione</span> <span class='ocrx_word' id='word_1_66' title='bbox 999 853 1306 918; x_wconf 86' lang='lat' dir='ltr'>Aquasgrani</span> <span class='ocrx_word' id='word_1_67' title='bbox 1340 852 1566 916; x_wconf 88' lang='lat' dir='ltr'>rediens,</span> <span class='ocrx_word' id='word_1_68' title='bbox 1600 867 1687 915; x_wconf 75' lang='lat' dir='ltr'>ge-</span> 
     </span>
     <span class='ocr_line' id='line_1_11' title="bbox 235 888 1688 986; baseline -0.002 -18"><span class='ocrx_word' id='word_1_69' title='bbox 235 922 456 968; x_wconf 87' lang='lat' dir='ltr'>neralem</span> <span class='ocrx_word' id='word_1_70' title='bbox 492 921 659 986; x_wconf 90' lang='lat' dir='ltr'>populi</span> <span class='ocrx_word' id='word_1_71' title='bbox 689 920 763 969; x_wconf 89' lang='lat' dir='ltr'>sui</span> <span class='ocrx_word' id='word_1_72' title='bbox 793 928 1086 968; x_wconf 89' lang='lat' dir='ltr'>conventum</span> <span class='ocrx_word' id='word_1_73' title='bbox 1113 936 1251 967; x_wconf 89' lang='lat' dir='ltr'>more</span> <span class='ocrx_word' id='word_1_74' title='bbox 1280 917 1490 967; x_wconf 86' lang='lat' dir='ltr'>solemni</span> <span class='ocrx_word' id='word_1_75' title='bbox 1516 888 1688 966; x_wconf 80' lang='lat' dir='ltr'>niense</span> 
     </span>
     <span class='ocr_line' id='line_1_12' title="bbox 234 984 1687 1062; baseline -0.002 -27"><span class='ocrx_word' id='word_1_76' title='bbox 234 991 458 1062; x_wconf 76' lang='lat' dir='ltr'>Augusto</span> <span class='ocrx_word' id='word_1_77' title='bbox 494 987 673 1035; x_wconf 87' lang='lat' dir='ltr'>habuit.</span> <span class='ocrx_word' id='word_1_78' title='bbox 745 987 798 1034; x_wconf 93' lang='lat' dir='ltr'>In</span> <span class='ocrx_word' id='word_1_79' title='bbox 836 1004 930 1051; x_wconf 89' lang='lat' dir='ltr'>quo</span> <span class='ocrx_word' id='word_1_80' title='bbox 967 994 1210 1035; x_wconf 90' lang='lat' dir='ltr'>conventu</span> <span class='ocrx_word' id='word_1_81' title='bbox 1239 986 1367 1033; x_wconf 90' lang='lat' dir='ltr'>inter</span> <span class='ocrx_word' id='word_1_82' title='bbox 1397 992 1588 1033; x_wconf 90' lang='lat' dir='ltr'>ceteras</span> <span class='ocrx_word' id='word_1_83' title='bbox 1618 984 1687 1032; x_wconf 87' lang='lat' dir='ltr'>le-</span> 
     </span>
     <span class='ocr_line' id='line_1_13' title="bbox 235 1050 1687 1119; baseline -0.003 -17"><span class='ocrx_word' id='word_1_84' title='bbox 235 1055 458 1118; x_wconf 82' lang='lat' dir='ltr'>gationes</span> <span class='ocrx_word' id='word_1_85' title='bbox 496 1070 620 1119; x_wconf 89' lang='lat' dir='ltr'>quae</span> <span class='ocrx_word' id='word_1_86' title='bbox 658 1054 719 1101; x_wconf 87' lang='lat' dir='ltr'>de</span> <span class='ocrx_word' id='word_1_87' title='bbox 755 1053 963 1101; x_wconf 88' lang='lat' dir='ltr'>diversis</span> <span class='ocrx_word' id='word_1_88' title='bbox 996 1053 1214 1117; x_wconf 88' lang='lat' dir='ltr'>partibus</span> <span class='ocrx_word' id='word_1_89' title='bbox 1244 1059 1499 1114; x_wconf 87' lang='lat' dir='ltr'>venerunt,</span> <span class='ocrx_word' id='word_1_90' title='bbox 1536 1050 1687 1099; x_wconf 90' lang='lat' dir='ltr'>etiam</span> 
     </span>
     <span class='ocr_line' id='line_1_14' title="bbox 236 1118 1688 1180; baseline -0.003 -12"><span class='ocrx_word' id='word_1_91' title='bbox 236 1131 283 1168; x_wconf 91' lang='lat' dir='ltr'>et</span> <span class='ocrx_word' id='word_1_92' title='bbox 329 1120 543 1168; x_wconf 89' lang='lat' dir='ltr'>filiorum</span> <span class='ocrx_word' id='word_1_93' title='bbox 579 1119 834 1168; x_wconf 88' lang='lat' dir='ltr'>Godofridi</span> <span class='ocrx_word' id='word_1_94' title='bbox 881 1120 942 1166; x_wconf 92' lang='lat' dir='ltr'>de</span> <span class='ocrx_word' id='word_1_95' title='bbox 988 1119 1322 1167; x_wconf 77' lang='lat' dir='ltr'>Nordmannia</span> <span class='ocrx_word' id='word_1_96' title='bbox 1366 1118 1559 1180; x_wconf 81' lang='lat' dir='ltr'>legatos</span> <span class='ocrx_word' id='word_1_97' title='bbox 1604 1132 1688 1164; x_wconf 82' lang='lat' dir='ltr'>au-</span> 
     </span>
     <span class='ocr_line' id='line_1_15' title="bbox 236 1183 1687 1251; baseline -0.003 -18"><span class='ocrx_word' id='word_1_98' title='bbox 236 1187 372 1248; x_wconf 86' lang='lat' dir='ltr'>divit,</span> <span class='ocrx_word' id='word_1_99' title='bbox 409 1203 466 1234; x_wconf 86' lang='lat' dir='ltr'>ac</span> <span class='ocrx_word' id='word_1_100' title='bbox 501 1202 674 1251; x_wconf 84' lang='lat' dir='ltr'>pacem</span> <span class='ocrx_word' id='word_1_101' title='bbox 711 1202 858 1250; x_wconf 90' lang='lat' dir='ltr'>quam</span> <span class='ocrx_word' id='word_1_102' title='bbox 885 1186 1017 1233; x_wconf 91' lang='lat' dir='ltr'>idem</span> <span class='ocrx_word' id='word_1_103' title='bbox 1044 1186 1135 1233; x_wconf 91' lang='lat' dir='ltr'>sibi</span> <span class='ocrx_word' id='word_1_104' title='bbox 1158 1185 1262 1232; x_wconf 90' lang='lat' dir='ltr'>dari</span> <span class='ocrx_word' id='word_1_105' title='bbox 1290 1183 1540 1248; x_wconf 85' lang='lat' dir='ltr'>petebant,</span> <span class='ocrx_word' id='word_1_106' title='bbox 1576 1198 1687 1230; x_wconf 88' lang='lat' dir='ltr'>cum</span> 
     </span>
     <span class='ocr_line' id='line_1_16' title="bbox 236 1247 1690 1300; baseline -0.001 -2"><span class='ocrx_word' id='word_1_107' title='bbox 236 1253 308 1300; x_wconf 78' lang='lat' dir='ltr'>eis</span> <span class='ocrx_word' id='word_1_108' title='bbox 355 1253 405 1300; x_wconf 93' lang='lat' dir='ltr'>in</span> <span class='ocrx_word' id='word_1_109' title='bbox 453 1268 618 1300; x_wconf 86' lang='lat' dir='ltr'>marca</span> <span class='ocrx_word' id='word_1_110' title='bbox 670 1268 844 1299; x_wconf 88' lang='lat' dir='ltr'>eorum</span> <span class='ocrx_word' id='word_1_111' title='bbox 896 1268 1068 1299; x_wconf 88' lang='lat' dir='ltr'>mense</span> <span class='ocrx_word' id='word_1_112' title='bbox 1122 1250 1355 1299; x_wconf 83' lang='lat' dir='ltr'>Octobiio</span> <span class='ocrx_word' id='word_1_113' title='bbox 1409 1247 1690 1297; x_wconf 84' lang='lat' dir='ltr'>confirmari</span> 
     </span>
     <span class='ocr_line' id='line_1_17' title="bbox 236 1315 1691 1383; baseline -0.003 -16"><span class='ocrx_word' id='word_1_114' title='bbox 236 1319 399 1380; x_wconf 85' lang='lat' dir='ltr'>iussit·</span> <span class='ocrx_word' id='word_1_115' title='bbox 435 1319 790 1383; x_wconf 81' lang='lat' dir='ltr'>completisque</span> <span class='ocrx_word' id='word_1_116' title='bbox 825 1317 1054 1366; x_wconf 90' lang='lat' dir='ltr'>omnibus</span> <span class='ocrx_word' id='word_1_117' title='bbox 1079 1316 1290 1380; x_wconf 86' lang='lat' dir='ltr'>negotiis</span> <span class='ocrx_word' id='word_1_118' title='bbox 1315 1332 1441 1380; x_wconf 85' lang='lat' dir='ltr'>quae</span> <span class='ocrx_word' id='word_1_119' title='bbox 1469 1315 1532 1363; x_wconf 88' lang='lat' dir='ltr'>ad</span> <span class='ocrx_word' id='word_1_120' title='bbox 1556 1315 1691 1363; x_wconf 81' lang='lat' dir='ltr'>illius</span> 
     </span>
     <span class='ocr_line' id='line_1_18' title="bbox 236 1381 1690 1449; baseline -0.003 -16"><span class='ocrx_word' id='word_1_121' title='bbox 236 1393 508 1434; x_wconf 90' lang='lat' dir='ltr'>conventus</span> <span class='ocrx_word' id='word_1_122' title='bbox 555 1386 794 1434; x_wconf 89' lang='lat' dir='ltr'>rationem</span> <span class='ocrx_word' id='word_1_123' title='bbox 848 1386 1093 1449; x_wconf 89' lang='lat' dir='ltr'>pertinere</span> <span class='ocrx_word' id='word_1_124' title='bbox 1142 1383 1459 1446; x_wconf 89' lang='lat' dir='ltr'>videbantur,</span> <span class='ocrx_word' id='word_1_125' title='bbox 1511 1381 1690 1430; x_wconf 87' lang='lat' dir='ltr'>Novio·</span> 
     </span>
     <span class='ocr_line' id='line_1_19' title="bbox 236 1449 1691 1515; baseline -0.003 -16"><span class='ocrx_word' id='word_1_126' title='bbox 236 1469 438 1515; x_wconf 84' lang='lat' dir='ltr'>magum</span> <span class='ocrx_word' id='word_1_127' title='bbox 485 1469 597 1500; x_wconf 90' lang='lat' dir='ltr'>cum</span> <span class='ocrx_word' id='word_1_128' title='bbox 639 1451 740 1499; x_wconf 89' lang='lat' dir='ltr'>filio</span> <span class='ocrx_word' id='word_1_129' title='bbox 787 1451 975 1498; x_wconf 89' lang='lat' dir='ltr'>maiore</span> <span class='ocrx_word' id='word_1_130' title='bbox 1011 1450 1239 1512; x_wconf 88' lang='lat' dir='ltr'>secessit,</span> <span class='ocrx_word' id='word_1_131' title='bbox 1283 1449 1527 1497; x_wconf 88' lang='lat' dir='ltr'>minorem</span> <span class='ocrx_word' id='word_1_132' title='bbox 1573 1463 1691 1496; x_wconf 88' lang='lat' dir='ltr'>vero</span> 
     </span>
     <span class='ocr_line' id='line_1_20' title="bbox 237 1514 1691 1580; baseline -0.003 -15"><span class='ocrx_word' id='word_1_133' title='bbox 237 1518 393 1566; x_wconf 85' lang='lat' dir='ltr'>filium</span> <span class='ocrx_word' id='word_1_134' title='bbox 419 1535 563 1566; x_wconf 89' lang='lat' dir='ltr'>suum</span> <span class='ocrx_word' id='word_1_135' title='bbox 591 1518 967 1565; x_wconf 88' lang='lat' dir='ltr'>Hludowicum</span> <span class='ocrx_word' id='word_1_136' title='bbox 955 1534 1003 1564; x_wconf 79' lang='lat' dir='ltr'>in</span> <span class='ocrx_word' id='word_1_137' title='bbox 1030 1517 1307 1565; x_wconf 86' lang='lat' dir='ltr'>Baioariam</span> <span class='ocrx_word' id='word_1_138' title='bbox 1330 1515 1518 1563; x_wconf 87' lang='lat' dir='ltr'>direxit.</span> <span class='ocrx_word' id='word_1_139' title='bbox 1577 1514 1691 1580; x_wconf 87' lang='lat' dir='ltr'>lpse</span> 
     </span>
     <span class='ocr_line' id='line_1_21' title="bbox 238 1579 1691 1648; baseline -0.003 -16"><span class='ocrx_word' id='word_1_140' title='bbox 238 1591 421 1644; x_wconf 84' lang='lat' dir='ltr'>autem,</span> <span class='ocrx_word' id='word_1_141' title='bbox 459 1584 729 1633; x_wconf 82' lang='lat' dir='ltr'>autumnali</span> <span class='ocrx_word' id='word_1_142' title='bbox 765 1583 1024 1631; x_wconf 90' lang='lat' dir='ltr'>venatione</span> <span class='ocrx_word' id='word_1_143' title='bbox 1061 1585 1324 1648; x_wconf 87' lang='lat' dir='ltr'>completa,</span> <span class='ocrx_word' id='word_1_144' title='bbox 1361 1582 1488 1630; x_wconf 91' lang='lat' dir='ltr'>circa</span> <span class='ocrx_word' id='word_1_145' title='bbox 1513 1579 1691 1628; x_wconf 86' lang='lat' dir='ltr'>hiemis</span> 
     </span>
     <span class='ocr_line' id='line_1_22' title="bbox 237 1646 1689 1716; baseline -0.003 -18"><span class='ocrx_word' id='word_1_146' title='bbox 237 1651 429 1699; x_wconf 90' lang='lat' dir='ltr'>initium</span> <span class='ocrx_word' id='word_1_147' title='bbox 464 1650 770 1716; x_wconf 83' lang='lat' dir='ltr'>Aquasgrani</span> <span class='ocrx_word' id='word_1_148' title='bbox 805 1665 1035 1697; x_wconf 87' lang='lat' dir='ltr'>reversus</span> <span class='ocrx_word' id='word_1_149' title='bbox 1071 1658 1158 1698; x_wconf 88' lang='lat' dir='ltr'>est.</span> <span class='ocrx_word' id='word_1_150' title='bbox 1229 1649 1282 1696; x_wconf 92' lang='lat' dir='ltr'>ln</span> <span class='ocrx_word' id='word_1_151' title='bbox 1306 1646 1552 1697; x_wconf 87' lang='lat' dir='ltr'>territorio</span> <span class='ocrx_word' id='word_1_152' title='bbox 1577 1647 1689 1695; x_wconf 87' lang='lat' dir='ltr'>Tul-</span> 
     </span>
     <span class='ocr_line' id='line_1_23' title="bbox 237 1709 1690 1779; baseline -0.003 -15"><span class='ocrx_word' id='word_1_153' title='bbox 237 1719 375 1765; x_wconf 86' lang='lat' dir='ltr'>lense</span> <span class='ocrx_word' id='word_1_154' title='bbox 412 1718 546 1766; x_wconf 84' lang='lat' dir='ltr'>iuxta</span> <span class='ocrx_word' id='word_1_155' title='bbox 581 1709 1002 1766; x_wconf 87' lang='lat' dir='ltr'>Commerciacum</span> <span class='ocrx_word' id='word_1_156' title='bbox 1039 1716 1207 1762; x_wconf 89' lang='lat' dir='ltr'>villam</span> <span class='ocrx_word' id='word_1_157' title='bbox 1245 1715 1409 1779; x_wconf 86' lang='lat' dir='ltr'>puella</span> <span class='ocrx_word' id='word_1_158' title='bbox 1446 1712 1690 1777; x_wconf 85' lang='lat' dir='ltr'>quaedam</span> 
     </span>
     <span class='ocr_line' id='line_1_24' title="bbox 237 1781 1691 1845; baseline -0.003 -14"><span class='ocrx_word' id='word_1_159' title='bbox 237 1784 435 1832; x_wconf 90' lang='lat' dir='ltr'>nomine</span> <span class='ocrx_word' id='word_1_160' title='bbox 497 1823 506 1831; x_wconf 91' lang='lat'><strong>.</strong></span> <span class='ocrx_word' id='word_1_161' title='bbox 553 1820 564 1830; x_wconf 92' lang='lat'><strong>.</strong></span> <span class='ocrx_word' id='word_1_162' title='bbox 613 1822 621 1830; x_wconf 95' lang='lat'><em>.</em></span> <span class='ocrx_word' id='word_1_163' title='bbox 676 1799 918 1830; x_wconf 86' lang='lat' dir='ltr'>annorum</span> <span class='ocrx_word' id='word_1_164' title='bbox 970 1781 1164 1829; x_wconf 69' lang='lat' dir='ltr'>circiter</span> <span class='ocrx_word' id='word_1_165' title='bbox 1222 1781 1282 1828; x_wconf 90' lang='lat'>12</span> <span class='ocrx_word' id='word_1_166' title='bbox 1334 1786 1449 1845; x_wconf 87' lang='lat' dir='ltr'>post</span> <span class='ocrx_word' id='word_1_167' title='bbox 1498 1795 1691 1828; x_wconf 85' lang='lat' dir='ltr'>sacram</span> 
     </span>
     <span class='ocr_line' id='line_1_25' title="bbox 237 1845 1691 1923; baseline -0.004 -25"><span class='ocrx_word' id='word_1_168' title='bbox 237 1850 652 1913; x_wconf 76' lang='lat' dir='ltr'>communionem,</span> <span class='ocrx_word' id='word_1_169' title='bbox 688 1865 833 1913; x_wconf 87' lang='lat' dir='ltr'>quam</span> <span class='ocrx_word' id='word_1_170' title='bbox 862 1849 911 1896; x_wconf 92' lang='lat' dir='ltr'>in</span> <span class='ocrx_word' id='word_1_171' title='bbox 937 1849 1117 1923; x_wconf 79' lang='lat' dir='ltr'>pascha</span> <span class='ocrx_word' id='word_1_172' title='bbox 1147 1847 1208 1894; x_wconf 92' lang='lat' dir='ltr'>de</span> <span class='ocrx_word' id='word_1_173' title='bbox 1235 1845 1507 1895; x_wconf 87' lang='lat' dir='ltr'>sacerdotis</span> <span class='ocrx_word' id='word_1_174' title='bbox 1542 1862 1691 1893; x_wconf 88' lang='lat' dir='ltr'>manu</span> 
     </span>
     <span class='ocr_line' id='line_1_26' title="bbox 238 1912 1692 1981; baseline -0.004 -16"><span class='ocrx_word' id='word_1_175' title='bbox 238 1917 480 1965; x_wconf 86' lang='lat' dir='ltr'>sumendo</span> <span class='ocrx_word' id='word_1_176' title='bbox 540 1924 853 1981; x_wconf 33' lang='lat' dir='ltr'>peiwcepeiat,</span> <span class='ocrx_word' id='word_1_177' title='bbox 919 1915 1078 1979; x_wconf 89' lang='lat' dir='ltr'>primo</span> <span class='ocrx_word' id='word_1_178' title='bbox 1133 1930 1288 1978; x_wconf 86' lang='lat' dir='ltr'>pane,</span> <span class='ocrx_word' id='word_1_179' title='bbox 1350 1913 1528 1960; x_wconf 89' lang='lat' dir='ltr'>deinde</span> <span class='ocrx_word' id='word_1_180' title='bbox 1583 1912 1692 1960; x_wconf 89' lang='lat' dir='ltr'>aliis</span> 
     </span>
     <span class='ocr_line' id='line_1_27' title="bbox 238 1978 1692 2047; baseline -0.004 -16"><span class='ocrx_word' id='word_1_181' title='bbox 238 1983 466 2032; x_wconf 91' lang='lat' dir='ltr'>omnibus</span> <span class='ocrx_word' id='word_1_182' title='bbox 503 1984 623 2031; x_wconf 86' lang='lat' dir='ltr'>cibis</span> <span class='ocrx_word' id='word_1_183' title='bbox 650 1990 698 2030; x_wconf 89' lang='lat' dir='ltr'>et</span> <span class='ocrx_word' id='word_1_184' title='bbox 727 1982 923 2047; x_wconf 88' lang='lat' dir='ltr'>potibus</span> <span class='ocrx_word' id='word_1_185' title='bbox 959 1981 1268 2042; x_wconf 84' lang='lat' dir='ltr'>abstinendo,</span> <span class='ocrx_word' id='word_1_186' title='bbox 1305 1980 1547 2027; x_wconf 88' lang='lat' dir='ltr'>intantum</span> <span class='ocrx_word' id='word_1_187' title='bbox 1573 1978 1692 2026; x_wconf 90' lang='lat' dir='ltr'>ieiu-</span> 
     </span>
     <span class='ocr_line' id='line_1_28' title="bbox 238 2044 1692 2124; baseline -0.005 -26"><span class='ocrx_word' id='word_1_188' title='bbox 238 2066 384 2098; x_wconf 87' lang='lat' dir='ltr'>nasse</span> <span class='ocrx_word' id='word_1_189' title='bbox 406 2050 706 2124; x_wconf 85' lang='lat' dir='ltr'>perhibetur,</span> <span class='ocrx_word' id='word_1_190' title='bbox 744 2056 797 2096; x_wconf 90' lang='lat' dir='ltr'>ut</span> <span class='ocrx_word' id='word_1_191' title='bbox 826 2047 958 2094; x_wconf 91' lang='lat' dir='ltr'>nulla</span> <span class='ocrx_word' id='word_1_192' title='bbox 990 2047 1180 2110; x_wconf 86' lang='lat' dir='ltr'>penitus</span> <span class='ocrx_word' id='word_1_193' title='bbox 1212 2062 1431 2110; x_wconf 81' lang='lat' dir='ltr'>emporis</span> <span class='ocrx_word' id='word_1_194' title='bbox 1457 2044 1692 2092; x_wconf 84' lang='lat' dir='ltr'>alimenta</span> 
     </span>
     <span class='ocr_line' id='line_1_29' title="bbox 238 2110 1692 2190; baseline -0.003 -27"><span class='ocrx_word' id='word_1_195' title='bbox 238 2117 533 2190; x_wconf 71' lang='lat' dir='ltr'>percipiens,</span> <span class='ocrx_word' id='word_1_196' title='bbox 570 2116 675 2163; x_wconf 89' lang='lat' dir='ltr'>sine</span> <span class='ocrx_word' id='word_1_197' title='bbox 707 2114 839 2161; x_wconf 89' lang='lat' dir='ltr'>omni</span> <span class='ocrx_word' id='word_1_198' title='bbox 865 2114 1023 2160; x_wconf 90' lang='lat' dir='ltr'>victus</span> <span class='ocrx_word' id='word_1_199' title='bbox 1048 2112 1291 2160; x_wconf 88' lang='lat' dir='ltr'>desiderio</span> <span class='ocrx_word' id='word_1_200' title='bbox 1311 2112 1515 2176; x_wconf 88' lang='lat' dir='ltr'>plenum</span> <span class='ocrx_word' id='word_1_201' title='bbox 1542 2110 1692 2159; x_wconf 84' lang='lat' dir='ltr'>trien-</span> 
     </span>
     <span class='ocr_line' id='line_1_30' title="bbox 239 2178 1693 2257; baseline -0.003 -28"><span class='ocrx_word' id='word_1_202' title='bbox 239 2183 374 2230; x_wconf 87' lang='lat' dir='ltr'>nium</span> <span class='ocrx_word' id='word_1_203' title='bbox 423 2181 757 2257; x_wconf 80' lang='lat' dir='ltr'>compleverit</span> <span class='ocrx_word' id='word_1_204' title='bbox 844 2179 1018 2243; x_wconf 91' lang='lat' dir='ltr'>Coepit</span> <span class='ocrx_word' id='word_1_205' title='bbox 1072 2187 1238 2227; x_wconf 88' lang='lat' dir='ltr'>autem</span> <span class='ocrx_word' id='word_1_206' title='bbox 1286 2178 1504 2226; x_wconf 83' lang='lat' dir='ltr'>ieiunare</span> <span class='ocrx_word' id='word_1_207' title='bbox 1562 2193 1693 2224; x_wconf 88' lang='lat' dir='ltr'>anno</span> 
     </span>
     <span class='ocr_line' id='line_1_31' title="bbox 238 2244 1693 2309; baseline -0.003 -14"><span class='ocrx_word' id='word_1_208' title='bbox 238 2248 585 2296; x_wconf 87' lang='lat' dir='ltr'>incarnationis</span> <span class='ocrx_word' id='word_1_209' title='bbox 632 2246 907 2294; x_wconf 87' lang='lat' dir='ltr'>dominicae</span> <span class='ocrx_word' id='word_1_210' title='bbox 950 2245 1065 2308; x_wconf 81' lang='lat'>823,</span> <span class='ocrx_word' id='word_1_211' title='bbox 1110 2245 1234 2293; x_wconf 89' lang='lat' dir='ltr'>sicut</span> <span class='ocrx_word' id='word_1_212' title='bbox 1282 2245 1329 2292; x_wconf 91' lang='lat' dir='ltr'>in</span> <span class='ocrx_word' id='word_1_213' title='bbox 1379 2244 1534 2309; x_wconf 84' lang='lat' dir='ltr'>ipsius</span> <span class='ocrx_word' id='word_1_214' title='bbox 1578 2244 1693 2291; x_wconf 87' lang='lat' dir='ltr'>anni</span> 
     </span>
     <span class='ocr_line' id='line_1_32' title="bbox 239 2311 1693 2389; baseline -0.004 -27"><span class='ocrx_word' id='word_1_215' title='bbox 239 2315 569 2380; x_wconf 78' lang='lat' dir='ltr'>desciiptione</span> <span class='ocrx_word' id='word_1_216' title='bbox 605 2314 832 2389; x_wconf 82' lang='lat' dir='ltr'>superius</span> <span class='ocrx_word' id='word_1_217' title='bbox 867 2312 1155 2360; x_wconf 87' lang='lat' dir='ltr'>adnotatum</span> <span class='ocrx_word' id='word_1_218' title='bbox 1191 2319 1291 2372; x_wconf 89' lang='lat' dir='ltr'>est,</span> <span class='ocrx_word' id='word_1_219' title='bbox 1334 2319 1384 2359; x_wconf 86' lang='lat' dir='ltr'>et</span> <span class='ocrx_word' id='word_1_220' title='bbox 1418 2311 1513 2358; x_wconf 93' lang='lat' dir='ltr'>hoc</span> <span class='ocrx_word' id='word_1_221' title='bbox 1547 2326 1693 2372; x_wconf 88' lang='lat' dir='ltr'>anno,</span> 
     </span>
     <span class='ocr_line' id='line_1_33' title="bbox 240 2376 1693 2456; baseline -0.004 -27"><span class='ocrx_word' id='word_1_222' title='bbox 240 2381 288 2429; x_wconf 92' lang='lat' dir='ltr'>id</span> <span class='ocrx_word' id='word_1_223' title='bbox 324 2388 401 2430; x_wconf 83' lang='lat' dir='ltr'>est</span> <span class='ocrx_word' id='word_1_224' title='bbox 434 2382 561 2456; x_wconf 62' lang='lat' dir='ltr'><strong>825l³</strong></span> <span class='ocrx_word' id='word_1_225' title='bbox 607 2382 733 2428; x_wconf 89' lang='lat' dir='ltr'>circa</span> <span class='ocrx_word' id='word_1_226' title='bbox 777 2378 1072 2426; x_wconf 81' lang='lat' dir='ltr'>Novembiis</span> <span class='ocrx_word' id='word_1_227' title='bbox 1115 2377 1301 2425; x_wconf 87' lang='lat' dir='ltr'>mensis</span> <span class='ocrx_word' id='word_1_228' title='bbox 1347 2376 1536 2425; x_wconf 90' lang='lat' dir='ltr'>initium</span> <span class='ocrx_word' id='word_1_229' title='bbox 1582 2391 1693 2441; x_wconf 90' lang='lat' dir='ltr'>per-</span> 
     </span>
     <span class='ocr_line' id='line_1_34' title="bbox 239 2447 1694 2495; baseline -0.004 0"><span class='ocrx_word' id='word_1_230' title='bbox 239 2455 348 2495; x_wconf 87' lang='lat' dir='ltr'>acto</span> <span class='ocrx_word' id='word_1_231' title='bbox 398 2447 577 2494; x_wconf 90' lang='lat' dir='ltr'>ieiunio</span> <span class='ocrx_word' id='word_1_232' title='bbox 626 2461 789 2494; x_wconf 89' lang='lat' dir='ltr'>escam</span> <span class='ocrx_word' id='word_1_233' title='bbox 837 2460 1036 2492; x_wconf 89' lang='lat' dir='ltr'>sumere</span> <span class='ocrx_word' id='word_1_234' title='bbox 1089 2460 1146 2491; x_wconf 90' lang='lat' dir='ltr'>ac</span> <span class='ocrx_word' id='word_1_235' title='bbox 1197 2459 1337 2491; x_wconf 89' lang='lat' dir='ltr'>more</span> <span class='ocrx_word' id='word_1_236' title='bbox 1386 2451 1694 2492; x_wconf 86' lang='lat' dir='ltr'>caeterorum</span> 
     </span>
     <span class='ocr_line' id='line_1_35' title="bbox 240 2510 1321 2574; baseline -0.005 -12"><span class='ocrx_word' id='word_1_237' title='bbox 240 2514 526 2563; x_wconf 89' lang='lat' dir='ltr'>mortalium</span> <span class='ocrx_word' id='word_1_238' title='bbox 562 2511 905 2560; x_wconf 84' lang='lat' dir='ltr'>manducando</span> <span class='ocrx_word' id='word_1_239' title='bbox 943 2511 1108 2558; x_wconf 87' lang='lat' dir='ltr'>vivere</span> <span class='ocrx_word' id='word_1_240' title='bbox 1145 2510 1321 2574; x_wconf 91' lang='lat' dir='ltr'>coepit.</span> 
     </span>
    </p>

    <p class='ocr_par' dir='ltr' id='par_1_3' title="bbox 241 2575 1694 2778">
     <span class='ocr_line' id='line_1_36' title="bbox 339 2575 1692 2641; baseline -0.005 -13"><span class='ocrx_word' id='word_1_241' title='bbox 339 2580 452 2630; x_wconf 85' lang='lat'><strong>826.</strong></span> <span class='ocrx_word' id='word_1_242' title='bbox 501 2580 625 2628; x_wconf 92' lang='lat' dir='ltr'>Cum</span> <span class='ocrx_word' id='word_1_243' title='bbox 661 2579 766 2641; x_wconf 83' lang='lat' dir='ltr'>regi</span> <span class='ocrx_word' id='word_1_244' title='bbox 793 2578 1121 2640; x_wconf 87' lang='lat' dir='ltr'>Bulgarorum</span> <span class='ocrx_word' id='word_1_245' title='bbox 1157 2577 1308 2640; x_wconf 82' lang='lat' dir='ltr'>legati</span> <span class='ocrx_word' id='word_1_246' title='bbox 1338 2576 1413 2624; x_wconf 92' lang='lat' dir='ltr'>sui</span> <span class='ocrx_word' id='word_1_247' title='bbox 1440 2575 1556 2640; x_wconf 86' lang='lat' dir='ltr'>quid</span> <span class='ocrx_word' id='word_1_248' title='bbox 1578 2589 1692 2637; x_wconf 84' lang='lat' dir='ltr'>ege-</span> 
     </span>
     <span class='ocr_line' id='line_1_37' title="bbox 241 2641 1692 2718; baseline -0.004 -24"><span class='ocrx_word' id='word_1_249' title='bbox 241 2648 337 2696; x_wconf 88' lang='lat' dir='ltr'>rint</span> <span class='ocrx_word' id='word_1_250' title='bbox 371 2646 760 2707; x_wconf 87' lang='lat' dir='ltr'>renunciassent,</span> <span class='ocrx_word' id='word_1_251' title='bbox 797 2645 976 2692; x_wconf 89' lang='lat' dir='ltr'>iterum</span> <span class='ocrx_word' id='word_1_252' title='bbox 1012 2660 1144 2706; x_wconf 91' lang='lat' dir='ltr'>eum,</span> <span class='ocrx_word' id='word_1_253' title='bbox 1181 2660 1329 2708; x_wconf 89' lang='lat' dir='ltr'>quem</span> <span class='ocrx_word' id='word_1_254' title='bbox 1357 2643 1518 2718; x_wconf 85' lang='lat' dir='ltr'>primo</span> <span class='ocrx_word' id='word_1_255' title='bbox 1545 2641 1692 2689; x_wconf 88' lang='lat' dir='ltr'>mise-</span> 
     </span>
     <span class='ocr_line' id='line_1_38' title="bbox 243 2708 1694 2778; baseline -0.005 -15"><span class='ocrx_word' id='word_1_256' title='bbox 243 2722 346 2776; x_wconf 85' lang='lat' dir='ltr'>rat,</span> <span class='ocrx_word' id='word_1_257' title='bbox 389 2714 450 2762; x_wconf 89' lang='lat' dir='ltr'>ad</span> <span class='ocrx_word' id='word_1_258' title='bbox 495 2714 844 2778; x_wconf 79' lang='lat' dir='ltr'>imperatoiem</span> <span class='ocrx_word' id='word_1_259' title='bbox 881 2727 990 2759; x_wconf 91' lang='lat' dir='ltr'>cum</span> <span class='ocrx_word' id='word_1_260' title='bbox 1028 2710 1204 2759; x_wconf 88' lang='lat' dir='ltr'>litteris</span> <span class='ocrx_word' id='word_1_261' title='bbox 1250 2708 1462 2772; x_wconf 86' lang='lat' dir='ltr'>remisit,</span> <span class='ocrx_word' id='word_1_262' title='bbox 1510 2723 1694 2772; x_wconf 82' lang='lat' dir='ltr'>rogans</span> 
     </span>
    </p>
   </div>
  </div>
 </body>
</html>
