1754 3120
732 220 786 267 A.
824 218 934 267 823.
1493 221 1558 270 87

101 346 213 390 ncta
246 339 515 388 autumnali
554 340 828 402 venatione,
865 340 927 387 ad
962 341 1066 389 Kal.
1104 338 1399 388 Novembris
1434 341 1559 391 sicut

102 404 390 455 condixerat
426 406 784 470 compendium
822 406 967 454 venit.
1039 407 1209 470 Legati
1235 407 1443 454 Romam
1475 423 1555 455 ve-

99 472 309 537 nientes,
345 470 415 520 rei
451 480 622 535 gestae
659 473 1001 525 certitudinem
1023 473 1227 538 adsequi
1258 490 1353 521 non
1382 480 1554 539 potue—

99 546 239 602 runt,
285 539 398 603 quia
434 538 681 585 Paschalis
726 540 947 602 pontifex
983 546 1033 585 et
1069 555 1123 586 se
1160 540 1220 586 ab
1258 539 1403 588 huius
1440 541 1551 589 facti

99 603 446 654 communione
474 619 584 651 cum
614 620 794 667 magno
823 605 1168 669 episcoporum
1195 622 1399 653 numero
1426 607 1553 654 iure-

97 670 303 719 iurando
350 669 651 735 purificavit,
706 679 754 719 et
799 670 1142 720 interfectores
1190 672 1552 736 praedictorum

96 736 373 799 hominum,
408 737 521 801 quia
556 737 617 784 de
654 738 840 785 familia
876 738 1029 786 sancti
1061 738 1188 786 Petri
1226 746 1383 800 erant,
1420 755 1551 786 sum-

97 818 302 869 mopere
346 803 643 866 defendens.,
686 811 909 851 mortuos
946 805 1081 852 velut
1115 805 1390 853 maiestatis
1438 822 1550 854 reos

97 869 468 933 condemnavit,
524 871 627 917 iure
671 886 843 918 caesos
892 872 1249 935 pronuntiavit,
1296 880 1440 935 atque
1488 873 1550 919 oh

96 935 192 985 hoc
225 952 339 985 cum
374 936 652 1000 praedictis,
689 937 769 1001 qui
807 938 868 984 ad
906 954 1019 985 eum
1056 938 1193 986 missi
1231 940 1446 1000 fuerant,
1483 940 1550 986 le·

93 1003 227 1066 gnis
259 1002 529 1050 Iohannem
566 1003 994 1051 Silvae-candidae
1030 1005 1316 1069 episcopum
1354 1011 1403 1051 et
1437 1005 1551 1052 Ser—

0 1127 2 1131 ·
92 1067 231 1133 gium
269 1067 718 1133 bibliothecarium,
770 1071 1028 1128 Quirinum
1064 1087 1258 1135 quoque
1293 1069 1550 1119 subdiaco-

94 1150 216 1183 num
249 1151 308 1182 ac
340 1134 560 1183 Leonem
597 1137 892 1199 magistrum
929 1137 1139 1185 militum
1187 1137 1248 1185 ad
1288 1138 1549 1202 imperato-

92 1215 202 1250 mm
236 1200 384 1249 misit.
457 1202 548 1260 Qui
587 1218 697 1250 cum
735 1210 832 1251 tam
871 1220 959 1267 per
993 1204 1104 1252 illos
1139 1220 1285 1267 quam
1318 1221 1404 1269 per
1432 1221 1548 1252 suos

0 1253 7 1267 ἱ
92 1267 286 1332 legatos
320 1266 382 1315 de
418 1276 727 1317 sacramento
753 1270 997 1333 pontificis
1020 1277 1070 1317 et
1095 1271 1410 1318 excusatione
1438 1287 1547 1318 reo·

91 1348 204 1382 rum
247 1334 596 1399 comperisset⁷
643 1335 763 1382 nihil
808 1335 899 1383 sibi
947 1338 1074 1384 ultra
1117 1337 1164 1384 in
1213 1338 1307 1384 hoc
1348 1337 1547 1400 negotio

90 1400 371 1449 faciendum
407 1409 558 1463 ratus,
594 1410 922 1450 memoratum
956 1404 1224 1450 Iohannem
1261 1404 1546 1468 episcopum

93 1474 144 1516 et
179 1467 340 1516 socios
377 1468 482 1516 eius
518 1468 579 1515 ad
614 1468 915 1533 pontificem,
958 1470 1073 1517 dato
1110 1471 1433 1518 conveniente
1469 1487 1546 1530 re·

90 1548 294 1598 sponso,
328 1533 532 1583 remisit.
603 1535 885 1598 Ceadragus
922 1536 1271 1584 Abodritorum
1314 1536 1546 1601 princeps

87 1599 522 1665 pollicitationibus
557 1602 659 1648 suis
694 1602 931 1649 adhibens
969 1602 1146 1665 fidem,
1192 1619 1303 1650 cum
1349 1599 1546 1667 quibus·

90 1666 207 1714 dam
242 1665 537 1731 primoribus
573 1668 740 1732 populi
778 1668 851 1716 sui
890 1669 1248 1734 Compendium
1289 1670 1437 1733 venit,
1475 1670 1546 1716 di-

90 1732 273 1796 latique
307 1749 397 1796 per
430 1741 504 1781 tot
539 1749 695 1781 annos
730 1735 971 1784 adventus
1005 1736 1079 1784 sui
1107 1736 1350 1784 rationem
1378 1753 1545 1783 coram

91 1800 391 1863 imperatore
438 1816 535 1847 non
579 1799 948 1864 inprobabiliter
990 1802 1218 1850 reddidit.
1301 1803 1394 1860 Qui
1430 1803 1545 1850 licet

91 1866 141 1913 in
187 1863 479 1929 quibusdam
528 1866 688 1914 causis
740 1867 995 1932 culpabilis
1050 1876 1329 1932 appareret,
1377 1876 1542 1916 tamen

0 1990 2 1995 ,
90 1938 297 2006 propter
331 1932 504 1981 merita
542 1940 801 1997 parentum
838 1950 1041 1981 suorum
1079 1951 1175 1982 non
1213 1935 1374 1982 solum
1404 1935 1542 2000 inpu-

90 2004 240 2061 nitus,
277 2013 447 2046 verum
484 1999 769 2047 muneribus
807 2001 1014 2048 donatus
1051 2001 1110 2048 ad
1149 2017 1355 2064 regnum
1383 2001 1543 2049 redire

87 2063 360 2130 permissus
395 2071 484 2112 est.
553 2066 769 2113 Venerat
805 2074 854 2114 et
890 2067 1153 2115 Harioldus
1180 2068 1240 2115 de
1269 2068 1542 2115 Nordman-

88 2130 196 2194 nia,
246 2130 480 2178 auxilium
516 2138 690 2194 petens
738 2141 907 2180 contra
950 2133 1080 2182 filios
1128 2134 1410 2197 Godofridi,
1460 2136 1540 2199 qui

88 2212 202 2245 eum
238 2198 397 2261 patria
440 2198 626 2262 pellere
662 2199 1005 2261 minabantur,
1049 2200 1111 2247 ob
1160 2201 1296 2248 cuius
1340 2217 1541 2248 causam

87 2262 371 2326 diligentius
405 2264 758 2328 explorandam
795 2266 857 2312 ad
892 2266 1095 2314 eosdem
1132 2266 1259 2314 filios
1284 2267 1541 2314 Godofridi

89 2329 414 2378 Theotharius
459 2338 507 2378 et
555 2331 940 2380 Hruodmundus
994 2333 1198 2380 comites
1247 2333 1384 2381 missi
1438 2334 1541 2381 fue-

89 2402 228 2459 runt,
281 2396 362 2460 qui
399 2404 449 2445 et
484 2413 683 2445 causam
728 2397 941 2447 filiorum
979 2399 1235 2448 Godofridi
1271 2407 1322 2447 et
1357 2406 1539 2448 statum

86 2461 238 2511 totius
273 2463 412 2526 regni
447 2464 876 2514 Nordmannorum
912 2466 1174 2530 diligenter
1209 2467 1540 2531 exploranteS,

0 2559 17 2587 ¹.
87 2527 356 2577 adventum
411 2529 630 2579 Harioldi
683 2540 1085 2596 praecesserunt,
1145 2540 1195 2581 et
1254 2533 1538 2598 imperatori

2 2613 16 2655 ,s
87 2595 253 2643 omnia
290 2611 416 2660 quae
452 2596 499 2644 in
535 2597 630 2645 illis
666 2599 948 2661 regionibus
975 2599 1248 2664 comperire
1277 2606 1540 2664 potuerunt

0 2679 2 2683 ·
88 2662 440 2735 patefecerunt.
510 2665 632 2712 Cum
669 2665 844 2728 quibus
880 2673 930 2713 et
957 2666 1058 2714 Ebo
1085 2667 1351 2714 Remorum
1384 2665 1539 2712 archi-

89 2741 376 2794 episcopus,
420 2730 499 2794 qui
549 2731 752 2780 consilio
797 2732 1110 2799 imperatoris
1158 2741 1206 2780 et
1252 2732 1540 2781 auctoritate
