1754 3120
244 193 275 238 6
654 189 953 237 ElNHARDl
991 188 1277 238 ANNALES

241 310 499 376 promissis
543 325 693 375 opere
728 308 1008 375 complevit.
1090 308 1299 375 Propter
1328 310 1425 360 hoc
1459 310 1692 378 Pippinus
1740 330 1754 373 q

243 393 329 424 rex
364 377 545 425 iterum
589 391 702 424 cum
747 377 966 425 exercitu
1003 375 1193 425 ltaliam
1228 376 1452 443 intravit,
1494 385 1546 427 et
1579 376 1694 428 Hei-

243 444 450 492 stulfum
494 443 541 490 in
586 442 735 508 Papia
782 442 978 492 civitate
1027 459 1082 491 se
1116 442 1451 491 includentem
1483 443 1694 509 obsedit,

244 518 293 557 et
326 507 583 557 obsidione
621 510 682 557 ad
718 509 1060 575 impletionem
1095 510 1458 575 promissorum
1492 518 1696 560 snorum

244 575 475 641 conpulit.
546 575 904 642 Redditamque
940 577 1032 625 sibi
1057 577 1343 625 Ravennam
1380 584 1430 625 et
1454 576 1696 644 Pentapo-

244 641 332 690 lim
367 650 418 691 et
452 658 651 691 omnem
679 643 1007 691 Exarchatum
1042 643 1105 690 ad
1127 644 1412 692 Ravennam
1447 642 1698 708 pertinen·

243 715 347 757 tem
368 709 430 757 ad
452 717 679 758 sanctum
706 709 909 757 Petrum
935 708 1163 771 tradidit3
1200 715 1347 774 atque
1369 708 1448 758 his
1466 709 1698 776 peractiS,

244 776 294 824 in
340 776 552 825 Galliam
599 790 832 825 reversus
879 783 970 824 est.
1056 775 1330 824 Heistulfus
1371 776 1543 834 ⁷autem
1588 784 1701 843 post

245 842 535 891 abscessum
579 841 712 905 eius,
765 858 878 890 cum
913 841 1266 906 meditaretur,
1315 842 1564 908 quomodo
1610 858 1700 892 sua

244 909 491 974 promissa
528 924 626 956 non
662 915 766 956 tam
801 909 1057 975 impleret,
1094 925 1242 974 quam
1270 909 1444 958 dolose
1480 924 1540 958 ea
1574 924 1700 975 quae

245 975 453 1041 impleta
487 975 682 1023 fuerant
717 983 1053 1039 conmutaret,
1094 976 1143 1023 in
1179 975 1440 1024 venatione
1475 975 1538 1024 de
1568 986 1700 1053 equo

245 1058 336 1091 suo
373 1058 491 1090 casu
525 1042 787 1108 prolapsus
824 1051 927 1104 est3
982 1050 1127 1108 atque
1166 1057 1226 1090 ex
1261 1043 1356 1090 hoc
1391 1041 1701 1106 aegritudine

246 1116 514 1172 contracta,
550 1109 678 1157 intra
700 1125 884 1175 paucos
908 1109 1014 1158 dies
1043 1109 1239 1157 vivendi
1275 1108 1545 1158 terminum
1569 1108 1700 1157 fecit.

247 1176 335 1225 Cui
372 1176 685 1238 DesideriuS,
734 1176 815 1240 qui
862 1192 1030 1225 comes
1065 1175 1245 1224 stabuli
1282 1175 1389 1224 eius
1425 1182 1702 1243 erat,·=suc-

247 1243 397 1291 cessit
431 1243 480 1290 in
516 1258 741 1304 regnum.
1432 1242 1433 1245 ’
1511 1279 1513 1281 .
1550 1280 1553 1283 Α

349 1309 462 1357 757.
499 1308 848 1357 Constantinus
882 1308 1154 1372 imperator
1188 1306 1325 1356 misit
1354 1306 1703 1372 Pippinomegi

246 1374 401 1423 multa
446 1390 678 1436 munera,
730 1374 860 1422 inter
904 1389 1029 1438 quae
1076 1380 1127 1420 et
1162 1390 1218 1421 or
1355 1389 1432 1435 ηις
1481 1388 1607 1438 quae
1641 1372 1703 1420 ad

247 1456 362 1488 eum
399 1441 447 1487 in
485 1440 770 1505 Conpendio
806 1440 922 1487 villa
955 1447 1312 1504 pervenerunt,
1416 1439 1431 1487 i
1466 1446 1583 1488 tunc
1615 1455 1703 1505 po·

247 1507 350 1571 puli
375 1507 451 1555 sui
474 1507 764 1570 generalem
799 1514 1097 1554 conventum
1119 1506 1302 1554 habuit.
1358 1505 1490 1553 Illuc·
1506 1512 1563 1554 et'
1580 1506 1704 1554 ‘Tas-

248 1573 340 1622 silo
389 1573 486 1621 dux
520 1573 860 1621 Baioariorum
904 1588 1017 1620 cum
1051 1571 1351 1637 primoribus
1386 1572 1548 1636 gentis
1585 1587 1705 1621 suae

248 1640 410 1702 venit,
456 1647 506 1688 et
540 1656 681 1687 more
715 1638 947 1687 Francico
984 1639 1033 1686 in
1069 1654 1254 1687 manus·
1281 1637 1419 1701 regis
1452 1638 1503 1686 in
1535 1654 1704 1688 vassa-

248 1707 399 1755 ticum
420 1706 648 1754 manibus
685 1705 788 1754 suis
815 1705 1141 1772 semetipsum
1168 1704 1548 1769 commendavit,
1582 1704 1705 1753 fide-

248 1772 540 1838 litatemque
585 1780 689 1822 tam
733 1772 841 1837 ipso
877 1772 985 1835 regi
1020 1771 1224 1837 Pippino
1262 1771 1564 1837 quamfiliis
1600 1771 1707 1820 eius

251 1840 403 1888 Karlo
457 1848 508 1888 et
558 1840 893 1887 Karlomanno
949 1838 1264 1886 iureiurando
1319 1853 1471 1903 supra
1529 1852 1708 1904 corpus

250 1906 407 1955 sancti
453 1906 659 1954 Dionisii
706 1905 960 1970 promisit3
1001 1912 1068 1965 ,et
1111 1920 1209 1951 non
1255 1904 1420 1952 solum
1465 1903 1558 1967 ibi,
1596 1904 1707 1953 'sed

253 1973 405 2020 etiam
450 1987 600 2035 super
648 1987 827 2036 corpus
875 1970 1027 2018 sancti
1065 1969 1262 2019 Martini
1309 1977 1360 2018 et
1393 1969 1550 2019 sancti
1585 1970 1708 2019 Ger·

250 2038 383 2085 mani
420 2037 570 2085 simili
607 2043 936 2100 sacramento,
973 2035 1122 2084 fidem
1158 2052 1213 2084 se
1248 2035 1515 2101 praedictis
1551 2035 1708 2084 domi·

250 2104 326 2152 nis
362 2103 466 2153 suis
502 2103 676 2152 diebus
712 2103 843 2152 vitae
879 2118 995 2152 suae
1025 2111 1368 2165 servaturum,
1406 2103 1483 2151 est
1516 2103 1704 2169 pollici-

251 2179 342 2219 tus.
394 2170 631 2219 Similiter
665 2177 716 2218 et
751 2186 925 2218 omnes
961 2170 1205 2234 primores
1246 2186 1304 2217 ac
1337 2169 1554 2218 maiores
1579 2177 1706 2219 »natu

251 2237 488 2301 Baioarii,
537 2237 617 2301 qui
663 2252 775 2284 cum
811 2251 871 2284 eo
907 2236 957 2284 in
993 2235 1327 2300 praesentiam
1362 2236 1707 2301 regisp‘erve-

251 2310 452 2367 nerant,
497 2302 650 2351 fidem
685 2319 740 2351 se
775 2301 883 2366 regi
918 2310 970 2351 et
1003 2302 1117 2351 filiis
1153 2302 1260 2350 eius
1297 2303 1610 2366 servaturos,
1654 2303 1706 2351 in

250 2369 515 2435 praedictis
549 2368 914 2417 venerabilibus
960 2368 1081 2416 locis
1117 2367 1468 2433 promiserunt.

351 2435 465 2484 758.
516 2435 749 2500 Pippinus
794 2451 882 2482 rex
918 2450 1031 2482 cum
1067 2435 1284 2484 exercitu
1319 2433 1585 2483 Saxoniam
1620 2435 1707 2483 ad·

251 2518 454 2566 gressus
481 2508 584 2564 est3
619 2510 670 2550 et
698 2501 924 2566 quamvis
946 2501 1223 2550 Saxonibus
1257 2500 1562 2550 validissime
1585 2501 1707 2561 resi·-

252 2569 495 2617 stentibus
521 2575 570 2616 et
592 2568 888 2617 munitiones
920 2584 1036 2616 suas
1073 2568 1340 2631 tuentibus,
1374 2567 1532 2635 pulsis
1560 2583 1704 2633 proe-v

253 2635 318 2683 lio
353 2634 833 2700 propugnatoribuS,
877 2650 967 2699 per
1000 2635 1194 2700 ipsum,
1242 2651 1340 2700 quo
1373 2630 1587 2699 patriam
1621 2631 1706 2683 dess

257 2702 458 2753 fendere
486 2701 802 2765 conabantur,
840 2702 1025 2750 vallum
1049 2701 1257 2750 intravit.
1321 2700 1710 2766 Commissisque
