1754 3120
207 216 267 264 12
616 216 912 264 ElNHARDl
950 216 1237 265 ANNALES

206 338 407 387 consilio
445 354 507 385 ne
544 337 592 384 id
629 338 815 385 faceret
850 336 1217 401 inpediebatur,
1254 336 1512 403 conloquio
1548 344 1655 387 tan·

204 411 309 453 tum
347 420 457 452 cum
503 418 562 451 eo
598 402 764 450 habito
811 403 858 450 in
894 404 1002 451 loco
1038 403 1119 468 qui
1156 402 1466 452 Duasdivest
1498 412 1655 454 ‘voca-

203 478 309 535 tur,
356 472 507 517 fratre
552 470 602 517 in
638 484 848 532 regnum
896 486 1040 518 suum
1084 478 1363 533 remeante,
1410 469 1526 518 illex
1602 487 1654 520 o·

204 534 444 585 lisenam²
477 535 767 600 Aquitaniae
790 536 1037 584 civitatem
1066 536 1408 603 proficiscitur,
1447 535 1569 585 etin
1636 557 1653 601 ἦ

203 602 465 652 contractis
520 602 735 666 undique
794 603 973 668 copiis,
1037 604 1311 668 fugientem
1369 603 1655 651 Hunoldum

204 669 541 734 persequitur,
578 669 880 733 paulumque
917 669 1088 731 abfuit,
1126 671 1240 733 quin
1277 677 1490 734 caperet.
1543 668 1655 718 Sed

203 737 286 784 ille
323 735 497 785 notitia
533 737 779 796 locorum,
818 734 866 781 in
903 734 1077 799 quibus
1113 736 1246 798 regis
1283 735 1550 785 exercitum
1585 737 1654 784 la·

202 810 308 851 tere
350 809 566 868 poterat,
622 800 857 848 liberatus
905 809 1004 865 est,
1059 802 1361 866 dimissaque
1380 801 1655 866 -Aquitania

201 868 517 918 Wasconiam
562 867 732 932 petiit,
785 875 944 916 tutum
1001 884 1054 916 se
1100 868 1166 916 ibi
1214 870 1322 916 fore
1373 867 1654 918 arbitratus.

202 936 319 984 Erat
362 942 479 983 tunc
519 934 819 982 wasconum
862 933 987 997 dux,
1038 934 1206 1000 Lupus
1241 934 1481 997 nomine,
1516 935 1654 984 cuius

200 1001 314 1050 fidei
364 1018 417 1051 se
453 1000 711 1049 Hunoldus
748 1001 1058 1049 committere
1106 1018 1202 1049 non
1242 1001 1493 1050 dubitavit.
1579 1002 1653 1052 Ad

200 1085 348 1134 quem
393 1084 479 1116 rex
538 1067 691 1116 missa
738 1067 1011 1131 legatione,
1064 1067 1200 1116 iubet
1253 1067 1343 1116 sibi
1391 1068 1654 1133 perfugam

200 1135 367 1198 reddi,
403 1151 462 1182 ea
497 1134 775 1182 conditione
810 1134 1059 1197 mandata,
1096 1134 1138 1183 si
1173 1134 1302 1183 dicto
1326 1134 1532 1182 audiens
1560 1133 1654 1183 sibi

200 1218 299 1250 non
320 1201 511 1264 fuisset,
546 1201 694 1249 sciret
724 1217 778 1249 se
800 1200 930 1249 bello
954 1201 1266 1249 Wasconiam
1297 1201 1654 1264 ingressurum,-

199 1284 358 1332 neque
394 1267 508 1315 inde
544 1268 680 1332 prius
710 1268 1065 1331 digressurum,
1101 1284 1247 1332 quam
1287 1268 1418 1315 illius
1452 1267 1654 1316 inoboe-

200 1334 414 1382 dientiae
450 1333 599 1380 finem
636 1333 908 1398 inponeret.
990 1335 1155 1398 Lupus
1191 1333 1338 1381 minis
1372 1332 1507 1396 regis
1542 1349 1654 1400 per-

199 1400 425 1463 territus,
478 1399 761 1448 Hunoldum
807 1407 858 1448 et
905 1415 1109 1448 uxorem
1154 1400 1261 1448 eius
1304 1399 1411 1447 sine
1458 1408 1653 1449 cuncta-

199 1469 332 1517 tione
368 1465 605 1529 reddidit,
660 1482 715 1514 se
750 1482 944 1530 quoque
981 1481 1316 1531 quaecumque
1352 1465 1654 1531 imperaren-

201 1543 280 1584 tur
317 1535 560 1582 facturum
596 1531 873 1596 spopondit.
925 1533 990 1580 At
1026 1549 1127 1595 rex,
1165 1533 1324 1580 donec
1346 1532 1499 1596 legati
1528 1550 1653 1599 quos

201 1603 404 1649 miserat
458 1605 853 1660 reverterentur,
912 1600 1168 1647 castellum
1214 1597 1463 1663 quoddam
1518 1601 1654 1648 iuxta

199 1664 532 1716 Dornoniam³
580 1665 786 1714 fluvium
812 1665 1060 1714 'vocabulo
1096 1662 1442 1714 Fronciacum⁴
1485 1664 1653 1714 aedifi-

198 1741 291 1783 cat.
349 1732 583 1782 Reversis
617 1732 767 1796 igitur
800 1732 996 1796 legatis,
1032 1732 1235 1780 reducto
1259 1732 1653 1797 perfuga,·aedi-

199 1801 342 1850 ficato
386 1800 621 1862 castello,
667 1800 715 1846 in
753 1814 964 1861 regnum
1002 1814 1147 1846 suum
1183 1798 1488 1861 regreditur-3
1516 1801 1652 1848 cele-

199 1868 455 1931 bravitque
485 1867 700 1913 natalem
725 1865 920 1913 Domini
955 1865 1004 1913 in
1039 1865 1156 1913 villa
1180 1864 1348 1926 Duria,
1386 1871 1436 1913 et
1468 1866 1654 1930 pascha

199 1934 331 2000 apud
367 1935 594 1982 sanctum
629 1931 953 1979 Lantbertum
1001 1931 1050 1978 in
1087 1931 1192 1978 vico
1229 1929 1487 1978 Leodico‘».

299 2000 414 2048 770.ι
456 1999 678 2046 Domnus
703 1998 881 2045 Karlus
908 2013 992 2045 rex
1016 1997 1186 2045 habuit
1221 1997 1389 2061 populi
1425 1997 1500 2044 sui
1537 2013 1652 2045 eon·

199 2073 401 2114 ventum
424 2064 708 2128 generalem
732 2063 780 2110 in
807 2064 1086 2112 Wormacia
1110 2063 1318 2111 civitate.
1377 2062 1652 2112 Berthrada

199 2149 345 2196 vero,
381 2139 542 2179 mater
577 2147 778 2194 regum,
816 2147 927 2178 cum
949 2131 1283 2179 Karlomanno
1320 2129 1513 2178 minore
1546 2130 1650 2180 filio

197 2198 328 2265 apud
361 2195 636 2247 Salusiam⁶
673 2199 852 2261 locuta,
888 2198 1022 2262 pacis
1059 2213 1205 2246 causa
1240 2195 1289 2244 in
1312 2195 1502 2245 Italiam
1537 2213 1651 2263 pro-

200 2300 231 2346 1)
271 2300 348 2335 eius
385 2299 474 2335 situs
512 2299 715 2346 ignoratum
751 2298 844 2334 ultra
869 2297 1036 2334 Rhenum
1075 2299 1112 2334 in
1137 2310 1250 2344 regno
1274 2297 1651 2337 Knrlomannifuiue

198 2348 359 2391 videtur,
386 2359 460 2383 non
484 2359 571 2383 vero
597 2348 634 2381 in
661 2345 886 2384 Pictonibus.
983 2346 1018 2393 2)
1043 2345 1284 2394 Angouleme.
1380 2344 1416 2392 3)
1441 2342 1650 2394 Dos-dogne.

198 2394 232 2446 4)
259 2395 430 2451 Fronsac.
458 2443 467 2452 ι
553 2394 587 2441 5)
622 2394 780 2451 pnrtjeh.
860 2434 861 2437 Ἰ
903 2392 938 2437 6)
977 2392 1074 2430 Seltz
1102 2395 1138 2429 in
1163 2393 1320 2435 Alsatiaz
1355 2395 1527 2451 quamvis·
1551 2395 1649 2452 enim

196 2443 430 2491 Schopllinus
457 2455 494 2478 m
519 2442 679 2478 Alsauae
707 2443 834 2478 illustr.
859 2440 902 2479 T.
928 2441 957 2486 Ι,
983 2455 1018 2490 p.
1041 2444 1123 2486 706,
1145 2446 1228 2481 707.
1256 2441 1439 2479 valesium
1454 2455 1528 2492 ⁶qm
1553 2443 1651 2529 εἵς-ι

198 2493 350 2535 censuit,
377 2491 469 2527 male
495 2491 648 2535 habeat,
687 2497 723 2527 et
748 2491 866 2526 locum
893 2491 1071 2539 quendam
1097 2492 1178 2538 pagi
1205 2489 1405 2528 Wormatie
1441 2490 1551 2538 ad

198 2554 281 2577 men
305 2539 486 2576 Salusium
512 2551 626 2587 prope
651 2538 849 2586 Ingelheim
878 2539 1071 2588 intelligat,
1098 2540 1195 2588 quod
1219 2502 1650 2582 Karoluffiuwormaiiae

197 2595 376 2625 conventu
402 2589 602 2631 celebrato,
637 2600 711 2623 non
746 2588 782 2623 iu
805 2586 981 2625 Alsatiam
1006 2600 1121 2637 unque
1146 2587 1352 2624 ascendisse
1382 2582 1498 2634 videri
1520 2588 1649 2634 possit,

196 2638 316 2673 locum
342 2643 462 2673 tamen
487 2649 560 2672 non
586 2636 678 2672 inl'ra
704 2635 941 2674 wormatiam
967 2643 1005 2674 et
1028 2638 1064 2674 in
1082 2649 1194 2683 reguo
1219 2634 1358 2678 Kanoli,
1383 2636 1448 2683 sed
1470 2635 1510 2672 in
1533 2647 1648 2683 regno

198 2685 454 2729 Karlomauni,
486 2685 533 2721 ad
566 2685 662 2733 quod
695 2683 831 2721 Alsatia
857 2686 1080 2734 pertinebat,
1113 2683 1357 2733 quaerendum
1382 2695 1484 2728 esse,
1520 2695 1647 2720 omnes

199 2734 443 2779 consentiant,
476 2732 539 2782 qui
565 2734 710 2770 annales
735 2740 878 2771 nostros
915 2735 1009 2772 bene
1035 2733 1274 2781 inspexerim
1312 2743 1394 2768 nam
1419 2731 1479 2768 hic
1503 2743 1577 2771 non
1602 2732 1647 2771 de
