<?xml version="1.0" encoding="UTF-8"?>
<!DOCTYPE html PUBLIC "-//W3C//DTD XHTML 1.0 Transitional//EN"
    "http://www.w3.org/TR/xhtml1/DTD/xhtml1-transitional.dtd">
<html xmlns="http://www.w3.org/1999/xhtml" xml:lang="en" lang="en">
 <head>
  <title>
</title>
<meta http-equiv="Content-Type" content="text/html;charset=utf-8" />
  <meta name='ocr-system' content='tesseract 3.04.00' />
  <meta name='ocr-capabilities' content='ocr_page ocr_carea ocr_par ocr_line ocrx_word'/>
</head>
<body>
  <div class='ocr_page' id='page_1' title='image "./annaleseinhard00einhuoft_0100.png"; bbox 0 0 1754 3120; ppageno 0'>
   <div class='ocr_carea' id='block_1_1' title="bbox 273 233 1312 284">
    <p class='ocr_par' dir='ltr' id='par_1_1' title="bbox 273 233 1312 284">
     <span class='ocr_line' id='line_1_1' title="bbox 273 233 1312 284; baseline 0.002 -2"><span class='ocrx_word' id='word_1_1' title='bbox 273 233 339 282; x_wconf 84' lang='lat'><strong>86</strong></span> <span class='ocrx_word' id='word_1_2' title='bbox 688 233 989 282; x_wconf 82' lang='lat' dir='ltr'><strong>ElNHARDI</strong></span> <span class='ocrx_word' id='word_1_3' title='bbox 1023 234 1312 284; x_wconf 85' lang='lat' dir='ltr'><strong>ANNALES</strong></span> 
     </span>
    </p>
   </div>
   <div class='ocr_carea' id='block_1_2' title="bbox 262 355 1754 2811">
    <p class='ocr_par' dir='ltr' id='par_1_2' title="bbox 262 355 1754 2811">
     <span class='ocr_line' id='line_1_2' title="bbox 268 355 1720 420; baseline 0.003 -18"><span class='ocrx_word' id='word_1_4' title='bbox 268 355 468 420; x_wconf 80' lang='lat' dir='ltr'><strong>palatii,</strong></span> <span class='ocrx_word' id='word_1_5' title='bbox 505 356 791 419; x_wconf 91' lang='lat' dir='ltr'><strong>iussumque</strong></span> <span class='ocrx_word' id='word_1_6' title='bbox 827 362 930 416; x_wconf 89' lang='lat' dir='ltr'><strong>est,</strong></span> <span class='ocrx_word' id='word_1_7' title='bbox 984 362 1037 403; x_wconf 89' lang='lat' dir='ltr'><strong>ut</strong></span> <span class='ocrx_word' id='word_1_8' title='bbox 1071 355 1382 418; x_wconf 89' lang='lat' dir='ltr'><strong>Mauringum</strong></span> <span class='ocrx_word' id='word_1_9' title='bbox 1415 355 1607 406; x_wconf 80' lang='lat' dir='ltr'>Brixiae</span> <span class='ocrx_word' id='word_1_10' title='bbox 1641 373 1720 407; x_wconf 83' lang='lat' dir='ltr'><strong>co-</strong></span> 
     </span>
     <span class='ocr_line' id='line_1_3' title="bbox 274 421 1725 489; baseline 0.003 -22"><span class='ocrx_word' id='word_1_11' title='bbox 274 422 445 468; x_wconf 88' lang='lat' dir='ltr'><strong>mitem</strong></span> <span class='ocrx_word' id='word_1_12' title='bbox 481 436 648 468; x_wconf 90' lang='lat' dir='ltr'><strong>secum</strong></span> <span class='ocrx_word' id='word_1_13' title='bbox 681 421 981 484; x_wconf 80' lang='lat' dir='ltr'><strong>adsumeret,</strong></span> <span class='ocrx_word' id='word_1_14' title='bbox 1018 428 1069 469; x_wconf 90' lang='lat' dir='ltr'><strong>et</strong></span> <span class='ocrx_word' id='word_1_15' title='bbox 1095 421 1349 470; x_wconf 90' lang='lat' dir='ltr'><strong>inchoatas</strong></span> <span class='ocrx_word' id='word_1_16' title='bbox 1378 421 1586 474; x_wconf 68' lang='lat' dir='ltr'><strong>iustitias</strong></span> <span class='ocrx_word' id='word_1_17' title='bbox 1613 438 1725 489; x_wconf 85' lang='lat' dir='ltr'><strong>per-</strong></span> 
     </span>
     <span class='ocr_line' id='line_1_4' title="bbox 273 487 1724 552; baseline 0.002 -18"><span class='ocrx_word' id='word_1_18' title='bbox 273 487 420 534; x_wconf 84' lang='lat' dir='ltr'><strong>ficeie</strong></span> <span class='ocrx_word' id='word_1_19' title='bbox 452 495 659 535; x_wconf 87' lang='lat' dir='ltr'><strong>cu1·.aret</strong></span> <span class='ocrx_word' id='word_1_20' title='bbox 729 487 1031 551; x_wconf 88' lang='lat' dir='ltr'><strong>Drogonem,</strong></span> <span class='ocrx_word' id='word_1_21' title='bbox 1067 489 1268 536; x_wconf 86' lang='lat' dir='ltr'><strong>fratrem</strong></span> <span class='ocrx_word' id='word_1_22' title='bbox 1305 487 1427 552; x_wconf 89' lang='lat' dir='ltr'><strong>eius,</strong></span> <span class='ocrx_word' id='word_1_23' title='bbox 1463 487 1555 536; x_wconf 87' lang='lat' dir='ltr'><strong>sub</strong></span> <span class='ocrx_word' id='word_1_24' title='bbox 1579 505 1724 539; x_wconf 70' lang='lat' dir='ltr'><strong>enno-</strong></span> 
     </span>
     <span class='ocr_line' id='line_1_5' title="bbox 273 553 1724 628; baseline 0.003 -28"><span class='ocrx_word' id='word_1_25' title='bbox 273 553 380 600; x_wconf 89' lang='lat' dir='ltr'><strong>nica</strong></span> <span class='ocrx_word' id='word_1_26' title='bbox 417 553 516 601; x_wconf 91' lang='lat' dir='ltr'><strong>vita</strong></span> <span class='ocrx_word' id='word_1_27' title='bbox 552 554 834 628; x_wconf 87' lang='lat' dir='ltr'><strong>degentem,</strong></span> <span class='ocrx_word' id='word_1_28' title='bbox 869 555 1097 603; x_wconf 84' lang='lat' dir='ltr'><strong>Mettensi</strong></span> <span class='ocrx_word' id='word_1_29' title='bbox 1134 555 1387 616; x_wconf 88' lang='lat' dir='ltr'><strong>ecclesiae,</strong></span> <span class='ocrx_word' id='word_1_30' title='bbox 1424 554 1556 603; x_wconf 79' lang='lat' dir='ltr'><strong>clei-o</strong></span> <span class='ocrx_word' id='word_1_31' title='bbox 1598 555 1724 605; x_wconf 76' lang='lat' dir='ltr'><strong>eius·</strong></span> 
     </span>
     <span class='ocr_line' id='line_1_6' title="bbox 273 619 1726 684; baseline 0.003 -18"><span class='ocrx_word' id='word_1_32' title='bbox 273 619 387 666; x_wconf 88' lang='lat' dir='ltr'><strong>dem</strong></span> <span class='ocrx_word' id='word_1_33' title='bbox 430 619 566 668; x_wconf 90' lang='lat' dir='ltr'><strong>urbis</strong></span> <span class='ocrx_word' id='word_1_34' title='bbox 611 621 950 668; x_wconf 87' lang='lat' dir='ltr'><strong>consentiente</strong></span> <span class='ocrx_word' id='word_1_35' title='bbox 999 629 1144 684; x_wconf 88' lang='lat' dir='ltr'><strong>atque</strong></span> <span class='ocrx_word' id='word_1_36' title='bbox 1189 622 1427 684; x_wconf 79' lang='lat' dir='ltr'><strong>eligente,</strong></span> <span class='ocrx_word' id='word_1_37' title='bbox 1480 628 1726 671; x_wconf 88' lang='lat' dir='ltr'><strong>rectorem</strong></span> 
     </span>
     <span class='ocr_line' id='line_1_7' title="bbox 272 686 1724 750; baseline 0.001 -16"><span class='ocrx_word' id='word_1_38' title='bbox 272 686 544 749; x_wconf 89' lang='lat' dir='ltr'><strong>constituit,</strong></span> <span class='ocrx_word' id='word_1_39' title='bbox 591 702 803 750; x_wconf 89' lang='lat' dir='ltr'><strong>eumque</strong></span> <span class='ocrx_word' id='word_1_40' title='bbox 838 686 898 732; x_wconf 87' lang='lat' dir='ltr'><strong>ad</strong></span> <span class='ocrx_word' id='word_1_41' title='bbox 945 686 1252 750; x_wconf 84' lang='lat' dir='ltr'><strong>pontificatus</strong></span> <span class='ocrx_word' id='word_1_42' title='bbox 1288 687 1498 750; x_wconf 88' lang='lat' dir='ltr'><strong>gradum</strong></span> <span class='ocrx_word' id='word_1_43' title='bbox 1534 686 1724 736; x_wconf 85' lang='lat' dir='ltr'><strong>censuit</strong></span> 
     </span>
     <span class='ocr_line' id='line_1_8' title="bbox 273 752 1724 818; baseline 0.003 -19"><span class='ocrx_word' id='word_1_44' title='bbox 273 754 568 817; x_wconf 88' lang='lat' dir='ltr'><strong>promoveri.</strong></span> <span class='ocrx_word' id='word_1_45' title='bbox 646 752 701 799; x_wconf 89' lang='lat' dir='ltr'><strong>ln</strong></span> <span class='ocrx_word' id='word_1_46' title='bbox 750 752 928 799; x_wconf 90' lang='lat' dir='ltr'><strong>eodem</strong></span> <span class='ocrx_word' id='word_1_47' title='bbox 974 760 1220 800; x_wconf 90' lang='lat' dir='ltr'><strong>conventu</strong></span> <span class='ocrx_word' id='word_1_48' title='bbox 1260 762 1458 818; x_wconf 85' lang='lat' dir='ltr'><strong>tempus</strong></span> <span class='ocrx_word' id='word_1_49' title='bbox 1502 760 1554 802; x_wconf 92' lang='lat' dir='ltr'><strong>et</strong></span> <span class='ocrx_word' id='word_1_50' title='bbox 1586 753 1724 803; x_wconf 83' lang='lat' dir='ltr'><strong>locus</strong></span> 
     </span>
     <span class='ocr_line' id='line_1_9' title="bbox 272 818 1725 882; baseline 0.001 -17"><span class='ocrx_word' id='word_1_51' title='bbox 272 819 472 866; x_wconf 89' lang='lat' dir='ltr'><strong>alterius</strong></span> <span class='ocrx_word' id='word_1_52' title='bbox 499 826 771 867; x_wconf 88' lang='lat' dir='ltr'><strong>conventus</strong></span> <span class='ocrx_word' id='word_1_53' title='bbox 797 818 1009 866; x_wconf 90' lang='lat' dir='ltr'><strong>habendi</strong></span> <span class='ocrx_word' id='word_1_54' title='bbox 1037 819 1292 867; x_wconf 87' lang='lat' dir='ltr'><strong>condictus</strong></span> <span class='ocrx_word' id='word_1_55' title='bbox 1316 827 1408 882; x_wconf 85' lang='lat' dir='ltr'><strong>est,</strong></span> <span class='ocrx_word' id='word_1_56' title='bbox 1446 819 1725 868; x_wconf 84' lang='lat' dir='ltr'><strong>November</strong></span> 
     </span>
     <span class='ocr_line' id='line_1_10' title="bbox 271 885 1724 950; baseline 0.003 -19"><span class='ocrx_word' id='word_1_57' title='bbox 271 885 502 933; x_wconf 88' lang='lat' dir='ltr'><strong>videlicet</strong></span> <span class='ocrx_word' id='word_1_58' title='bbox 536 885 722 933; x_wconf 89' lang='lat' dir='ltr'><strong>mensis</strong></span> <span class='ocrx_word' id='word_1_59' title='bbox 753 893 802 933; x_wconf 89' lang='lat' dir='ltr'><strong>et</strong></span> <span class='ocrx_word' id='word_1_60' title='bbox 826 886 1182 950; x_wconf 87' lang='lat' dir='ltr'><strong>Compendium</strong></span> <span class='ocrx_word' id='word_1_61' title='bbox 1206 886 1466 950; x_wconf 85' lang='lat' dir='ltr'><strong>palatium3</strong></span> <span class='ocrx_word' id='word_1_62' title='bbox 1503 894 1724 950; x_wconf 85' lang='lat' dir='ltr'><strong>peracto-</strong></span> 
     </span>
     <span class='ocr_line' id='line_1_11' title="bbox 272 951 1726 1018; baseline 0.003 -21"><span class='ocrx_word' id='word_1_63' title='bbox 272 967 366 1015; x_wconf 85' lang='lat' dir='ltr'><strong>que</strong></span> <span class='ocrx_word' id='word_1_64' title='bbox 402 951 581 1016; x_wconf 89' lang='lat' dir='ltr'><strong>placito</strong></span> <span class='ocrx_word' id='word_1_65' title='bbox 618 959 668 1000; x_wconf 85' lang='lat' dir='ltr'><strong>et</strong></span> <span class='ocrx_word' id='word_1_66' title='bbox 704 951 920 1000; x_wconf 85' lang='lat' dir='ltr'><strong>dimissis</strong></span> <span class='ocrx_word' id='word_1_67' title='bbox 957 952 1271 1017; x_wconf 89' lang='lat' dir='ltr'><strong>primoribus,</strong></span> <span class='ocrx_word' id='word_1_68' title='bbox 1309 968 1419 1000; x_wconf 90' lang='lat' dir='ltr'><strong>cum</strong></span> <span class='ocrx_word' id='word_1_69' title='bbox 1456 951 1726 1018; x_wconf 88' lang='lat' dir='ltr'><strong>imperator</strong></span> 
     </span>
     <span class='ocr_line' id='line_1_12' title="bbox 272 1018 1722 1081; baseline 0.001 -16"><span class='ocrx_word' id='word_1_70' title='bbox 272 1018 368 1065; x_wconf 88' lang='lat' dir='ltr'><strong>iam</strong></span> <span class='ocrx_word' id='word_1_71' title='bbox 404 1018 518 1066; x_wconf 89' lang='lat' dir='ltr'><strong>inde</strong></span> <span class='ocrx_word' id='word_1_72' title='bbox 554 1018 746 1081; x_wconf 83' lang='lat' dir='ltr'><strong>digredi</strong></span> <span class='ocrx_word' id='word_1_73' title='bbox 781 1018 1060 1081; x_wconf 72' lang='lat' dir='ltr'><strong>statuisset,</strong></span> <span class='ocrx_word' id='word_1_74' title='bbox 1103 1020 1324 1067; x_wconf 87' lang='lat' dir='ltr'><strong>adlatum</strong></span> <span class='ocrx_word' id='word_1_75' title='bbox 1360 1026 1437 1067; x_wconf 89' lang='lat' dir='ltr'><strong>est</strong></span> <span class='ocrx_word' id='word_1_76' title='bbox 1473 1019 1518 1067; x_wconf 89' lang='lat' dir='ltr'><strong>ei</strong></span> <span class='ocrx_word' id='word_1_77' title='bbox 1554 1019 1616 1068; x_wconf 90' lang='lat' dir='ltr'><strong>de</strong></span> <span class='ocrx_word' id='word_1_78' title='bbox 1651 1019 1722 1067; x_wconf 88' lang='lat' dir='ltr'><strong>in-</strong></span> 
     </span>
     <span class='ocr_line' id='line_1_13' title="bbox 270 1084 1722 1149; baseline 0.001 -17"><span class='ocrx_word' id='word_1_79' title='bbox 270 1084 414 1132; x_wconf 88' lang='lat' dir='ltr'><strong>teritu</strong></span> <span class='ocrx_word' id='word_1_80' title='bbox 454 1085 722 1148; x_wconf 88' lang='lat' dir='ltr'><strong>Liudewiti,</strong></span> <span class='ocrx_word' id='word_1_81' title='bbox 759 1085 890 1149; x_wconf 93' lang='lat' dir='ltr'><strong>quod</strong></span> <span class='ocrx_word' id='word_1_82' title='bbox 926 1085 1108 1134; x_wconf 89' lang='lat' dir='ltr'><strong>relictis</strong></span> <span class='ocrx_word' id='word_1_83' title='bbox 1133 1085 1352 1147; x_wconf 74' lang='lat' dir='ltr'><strong>Sor-abis,</strong></span> <span class='ocrx_word' id='word_1_84' title='bbox 1389 1100 1501 1133; x_wconf 89' lang='lat' dir='ltr'><strong>cum</strong></span> <span class='ocrx_word' id='word_1_85' title='bbox 1526 1084 1722 1133; x_wconf 88' lang='lat' dir='ltr'><strong>Dalma-</strong></span> 
     </span>
     <span class='ocr_line' id='line_1_14' title="bbox 269 1151 1723 1200; baseline 0.001 -2"><span class='ocrx_word' id='word_1_86' title='bbox 269 1151 388 1199; x_wconf 90' lang='lat' dir='ltr'><strong>tiam</strong></span> <span class='ocrx_word' id='word_1_87' title='bbox 441 1151 502 1198; x_wconf 91' lang='lat' dir='ltr'><strong>ad</strong></span> <span class='ocrx_word' id='word_1_88' title='bbox 546 1151 951 1200; x_wconf 89' lang='lat' dir='ltr'><strong>Liudemuhslum</strong></span> <span class='ocrx_word' id='word_1_89' title='bbox 995 1153 1288 1200; x_wconf 87' lang='lat' dir='ltr'><strong>avunculum</strong></span> <span class='ocrx_word' id='word_1_90' title='bbox 1341 1151 1533 1199; x_wconf 88' lang='lat' dir='ltr'><strong>Bornae</strong></span> <span class='ocrx_word' id='word_1_91' title='bbox 1585 1151 1723 1200; x_wconf 86' lang='lat' dir='ltr'><strong>ducis</strong></span> 
     </span>
     <span class='ocr_line' id='line_1_15' title="bbox 270 1218 1722 1293; baseline 0.001 -29"><span class='ocrx_word' id='word_1_92' title='bbox 270 1218 605 1281; x_wconf 88' lang='lat' dir='ltr'><strong>pervenisset,</strong></span> <span class='ocrx_word' id='word_1_93' title='bbox 653 1226 702 1266; x_wconf 88' lang='lat' dir='ltr'><strong>et</strong></span> <span class='ocrx_word' id='word_1_94' title='bbox 745 1219 1052 1293; x_wconf 82' lang='lat' dir='ltr'><strong>aliquantum</strong></span> <span class='ocrx_word' id='word_1_95' title='bbox 1088 1218 1325 1284; x_wconf 89' lang='lat' dir='ltr'><strong>temporis</strong></span> <span class='ocrx_word' id='word_1_96' title='bbox 1371 1234 1484 1266; x_wconf 91' lang='lat' dir='ltr'><strong>cum</strong></span> <span class='ocrx_word' id='word_1_97' title='bbox 1520 1233 1581 1265; x_wconf 91' lang='lat' dir='ltr'><strong>eo</strong></span> <span class='ocrx_word' id='word_1_98' title='bbox 1618 1234 1722 1266; x_wconf 88' lang='lat' dir='ltr'><strong>mo-</strong></span> 
     </span>
     <span class='ocr_line' id='line_1_16' title="bbox 270 1283 1722 1349; baseline 0.001 -19"><span class='ocrx_word' id='word_1_99' title='bbox 270 1291 402 1331; x_wconf 82' lang='lat' dir='ltr'><strong>iatus</strong></span> <span class='ocrx_word' id='word_1_100' title='bbox 439 1283 639 1348; x_wconf 88' lang='lat' dir='ltr'><strong>fuisset,</strong></span> <span class='ocrx_word' id='word_1_101' title='bbox 687 1284 802 1332; x_wconf 90' lang='lat' dir='ltr'><strong>dolo</strong></span> <span class='ocrx_word' id='word_1_102' title='bbox 838 1285 992 1349; x_wconf 82' lang='lat' dir='ltr'><strong>ipsius</strong></span> <span class='ocrx_word' id='word_1_103' title='bbox 1029 1293 1162 1333; x_wconf 88' lang='lat' dir='ltr'><strong>esset</strong></span> <span class='ocrx_word' id='word_1_104' title='bbox 1208 1285 1510 1333; x_wconf 79' lang='lat' dir='ltr'><strong>interfectus.</strong></span> <span class='ocrx_word' id='word_1_105' title='bbox 1590 1284 1722 1332; x_wconf 89' lang='lat' dir='ltr'><strong>Nun·</strong></span> 
     </span>
     <span class='ocr_line' id='line_1_17' title="bbox 269 1350 1721 1413; baseline 0.001 -16"><span class='ocrx_word' id='word_1_106' title='bbox 269 1350 449 1399; x_wconf 89' lang='lat' dir='ltr'><strong>ciatum</strong></span> <span class='ocrx_word' id='word_1_107' title='bbox 487 1357 564 1399; x_wconf 91' lang='lat' dir='ltr'><strong>est</strong></span> <span class='ocrx_word' id='word_1_108' title='bbox 598 1351 766 1413; x_wconf 90' lang='lat' dir='ltr'><strong>etiam,</strong></span> <span class='ocrx_word' id='word_1_109' title='bbox 803 1351 1118 1399; x_wconf 77' lang='lat' dir='ltr'><strong>Theodotum</strong></span> <span class='ocrx_word' id='word_1_110' title='bbox 1144 1358 1344 1399; x_wconf 90' lang='lat' dir='ltr'><strong>sanctae</strong></span> <span class='ocrx_word' id='word_1_111' title='bbox 1368 1350 1618 1398; x_wconf 82' lang='lat' dir='ltr'><strong>Romanae</strong></span> <span class='ocrx_word' id='word_1_112' title='bbox 1643 1366 1721 1399; x_wconf 90' lang='lat' dir='ltr'><strong>ec-</strong></span> 
     </span>
     <span class='ocr_line' id='line_1_18' title="bbox 268 1417 1720 1481; baseline 0.001 -18"><span class='ocrx_word' id='word_1_113' title='bbox 268 1417 447 1464; x_wconf 89' lang='lat' dir='ltr'><strong>clesiae</strong></span> <span class='ocrx_word' id='word_1_114' title='bbox 510 1417 842 1481; x_wconf 86' lang='lat' dir='ltr'><strong>primiceiium</strong></span> <span class='ocrx_word' id='word_1_115' title='bbox 903 1425 952 1466; x_wconf 85' lang='lat' dir='ltr'><strong>et</strong></span> <span class='ocrx_word' id='word_1_116' title='bbox 1007 1417 1225 1465; x_wconf 89' lang='lat' dir='ltr'><strong>Leonem</strong></span> <span class='ocrx_word' id='word_1_117' title='bbox 1280 1417 1720 1480; x_wconf 79' lang='lat' dir='ltr'><strong>nomenclatorem,</strong></span> 
     </span>
     <span class='ocr_line' id='line_1_19' title="bbox 267 1483 1720 1548; baseline 0.001 -18"><span class='ocrx_word' id='word_1_118' title='bbox 267 1498 508 1545; x_wconf 84' lang='lat' dir='ltr'><strong>generum</strong></span> <span class='ocrx_word' id='word_1_119' title='bbox 558 1486 687 1547; x_wconf 85' lang='lat' dir='ltr'><strong>eius,</strong></span> <span class='ocrx_word' id='word_1_120' title='bbox 740 1484 788 1530; x_wconf 92' lang='lat' dir='ltr'><strong>in</strong></span> <span class='ocrx_word' id='word_1_121' title='bbox 834 1484 1128 1547; x_wconf 88' lang='lat' dir='ltr'><strong>patriarchio</strong></span> <span class='ocrx_word' id='word_1_122' title='bbox 1176 1483 1511 1532; x_wconf 86' lang='lat' dir='ltr'><strong>Lateranense</strong></span> <span class='ocrx_word' id='word_1_123' title='bbox 1562 1483 1720 1548; x_wconf 89' lang='lat' dir='ltr'><strong>primo</strong></span> 
     </span>
     <span class='ocr_line' id='line_1_20' title="bbox 267 1549 1721 1614; baseline 0.002 -18"><span class='ocrx_word' id='word_1_124' title='bbox 267 1557 570 1612; x_wconf 90' lang='lat' dir='ltr'><strong>excaecatos,</strong></span> <span class='ocrx_word' id='word_1_125' title='bbox 607 1566 663 1596; x_wconf 92' lang='lat' dir='ltr'><strong>ac</strong></span> <span class='ocrx_word' id='word_1_126' title='bbox 699 1550 876 1597; x_wconf 90' lang='lat' dir='ltr'><strong>deinde</strong></span> <span class='ocrx_word' id='word_1_127' title='bbox 912 1551 1065 1598; x_wconf 85' lang='lat' dir='ltr'><strong>fuisse</strong></span> <span class='ocrx_word' id='word_1_128' title='bbox 1102 1551 1398 1614; x_wconf 74' lang='lat' dir='ltr'><strong>decollatos,</strong></span> <span class='ocrx_word' id='word_1_129' title='bbox 1435 1557 1485 1599; x_wconf 90' lang='lat' dir='ltr'><strong>et</strong></span> <span class='ocrx_word' id='word_1_130' title='bbox 1518 1549 1615 1599; x_wconf 85' lang='lat' dir='ltr'><strong>hoc</strong></span> <span class='ocrx_word' id='word_1_131' title='bbox 1647 1550 1721 1599; x_wconf 89' lang='lat' dir='ltr'><strong>eis</strong></span> 
     </span>
     <span class='ocr_line' id='line_1_21' title="bbox 267 1615 1722 1679; baseline 0.001 -17"><span class='ocrx_word' id='word_1_132' title='bbox 267 1615 328 1662; x_wconf 93' lang='lat' dir='ltr'><strong>ob</strong></span> <span class='ocrx_word' id='word_1_133' title='bbox 374 1616 469 1664; x_wconf 92' lang='lat' dir='ltr'><strong>hoc</strong></span> <span class='ocrx_word' id='word_1_134' title='bbox 503 1616 796 1679; x_wconf 83' lang='lat' dir='ltr'><strong>contigisse,</strong></span> <span class='ocrx_word' id='word_1_135' title='bbox 848 1616 978 1679; x_wconf 90' lang='lat' dir='ltr'><strong>quod</strong></span> <span class='ocrx_word' id='word_1_136' title='bbox 1028 1632 1083 1664; x_wconf 93' lang='lat' dir='ltr'><strong>se</strong></span> <span class='ocrx_word' id='word_1_137' title='bbox 1127 1616 1176 1663; x_wconf 90' lang='lat' dir='ltr'><strong>in</strong></span> <span class='ocrx_word' id='word_1_138' title='bbox 1229 1616 1459 1664; x_wconf 83' lang='lat' dir='ltr'><strong>omnibus</strong></span> <span class='ocrx_word' id='word_1_139' title='bbox 1507 1615 1722 1666; x_wconf 86' lang='lat' dir='ltr'><strong>fideliter</strong></span> 
     </span>
     <span class='ocr_line' id='line_1_22' title="bbox 267 1681 1721 1747; baseline 0.001 -17"><span class='ocrx_word' id='word_1_140' title='bbox 267 1698 386 1745; x_wconf 87' lang='lat' dir='ltr'><strong>erga</strong></span> <span class='ocrx_word' id='word_1_141' title='bbox 423 1690 589 1747; x_wconf 87' lang='lat' dir='ltr'><strong>partes</strong></span> <span class='ocrx_word' id='word_1_142' title='bbox 625 1681 865 1731; x_wconf 90' lang='lat' dir='ltr'><strong>Hlotharii</strong></span> <span class='ocrx_word' id='word_1_143' title='bbox 907 1683 1096 1731; x_wconf 88' lang='lat' dir='ltr'><strong>iuvenis</strong></span> <span class='ocrx_word' id='word_1_144' title='bbox 1133 1682 1445 1747; x_wconf 87' lang='lat' dir='ltr'><strong>imperatoris</strong></span> <span class='ocrx_word' id='word_1_145' title='bbox 1490 1691 1721 1746; x_wconf 74' lang='lat' dir='ltr'><strong>agerent,</strong></span> 
     </span>
     <span class='ocr_line' id='line_1_23' title="bbox 267 1748 1719 1813; baseline 0.001 -17"><span class='ocrx_word' id='word_1_146' title='bbox 267 1756 406 1797; x_wconf 88' lang='lat' dir='ltr'><strong>erant</strong></span> <span class='ocrx_word' id='word_1_147' title='bbox 441 1757 492 1798; x_wconf 91' lang='lat' dir='ltr'><strong>et</strong></span> <span class='ocrx_word' id='word_1_148' title='bbox 526 1749 607 1813; x_wconf 90' lang='lat' dir='ltr'><strong>qui</strong></span> <span class='ocrx_word' id='word_1_149' title='bbox 634 1749 868 1811; x_wconf 87' lang='lat' dir='ltr'><strong>dicerent,</strong></span> <span class='ocrx_word' id='word_1_150' title='bbox 904 1751 985 1796; x_wconf 91' lang='lat' dir='ltr'><strong>vel</strong></span> <span class='ocrx_word' id='word_1_151' title='bbox 1012 1749 1148 1796; x_wconf 91' lang='lat' dir='ltr'><strong>iussu</strong></span> <span class='ocrx_word' id='word_1_152' title='bbox 1176 1749 1255 1795; x_wconf 93' lang='lat' dir='ltr'><strong>vel</strong></span> <span class='ocrx_word' id='word_1_153' title='bbox 1283 1748 1488 1797; x_wconf 86' lang='lat' dir='ltr'><strong>consilio</strong></span> <span class='ocrx_word' id='word_1_154' title='bbox 1509 1748 1719 1797; x_wconf 82' lang='lat' dir='ltr'><strong>Pascha-</strong></span> 
     </span>
     <span class='ocr_line' id='line_1_24' title="bbox 266 1813 1720 1880; baseline 0.001 -18"><span class='ocrx_word' id='word_1_155' title='bbox 266 1815 324 1863; x_wconf 90' lang='lat' dir='ltr'><strong>lis</strong></span> <span class='ocrx_word' id='word_1_156' title='bbox 362 1815 605 1880; x_wconf 86' lang='lat' dir='ltr'><strong>pontificis</strong></span> <span class='ocrx_word' id='word_1_157' title='bbox 642 1831 748 1863; x_wconf 90' lang='lat' dir='ltr'><strong>rem</strong></span> <span class='ocrx_word' id='word_1_158' title='bbox 779 1815 932 1863; x_wconf 83' lang='lat' dir='ltr'><strong>fuisse</strong></span> <span class='ocrx_word' id='word_1_159' title='bbox 959 1822 1307 1880; x_wconf 86' lang='lat' dir='ltr'><strong>perpetratam.</strong></span> <span class='ocrx_word' id='word_1_160' title='bbox 1374 1813 1449 1863; x_wconf 86' lang='lat' dir='ltr'><strong>Ad</strong></span> <span class='ocrx_word' id='word_1_161' title='bbox 1478 1815 1610 1879; x_wconf 87' lang='lat' dir='ltr'><strong>quod</strong></span> <span class='ocrx_word' id='word_1_162' title='bbox 1638 1831 1720 1864; x_wconf 78' lang='lat' dir='ltr'><strong>ex-</strong></span> 
     </span>
     <span class='ocr_line' id='line_1_25' title="bbox 265 1881 1721 1946; baseline 0.001 -17"><span class='ocrx_word' id='word_1_163' title='bbox 265 1882 560 1946; x_wconf 89' lang='lat' dir='ltr'><strong>plorandum</strong></span> <span class='ocrx_word' id='word_1_164' title='bbox 598 1898 654 1930; x_wconf 91' lang='lat' dir='ltr'><strong>ac</strong></span> <span class='ocrx_word' id='word_1_165' title='bbox 690 1882 954 1946; x_wconf 89' lang='lat' dir='ltr'><strong>diligenter</strong></span> <span class='ocrx_word' id='word_1_166' title='bbox 989 1881 1387 1945; x_wconf 89' lang='lat' dir='ltr'><strong>investigandum</strong></span> <span class='ocrx_word' id='word_1_167' title='bbox 1430 1881 1721 1932; x_wconf 85' lang='lat' dir='ltr'><strong>missisunt</strong></span> 
     </span>
     <span class='ocr_line' id='line_1_26' title="bbox 263 1947 1721 2012; baseline 0.001 -16"><span class='ocrx_word' id='word_1_168' title='bbox 263 1948 579 2012; x_wconf 88' lang='lat' dir='ltr'><strong>Adalungus,</strong></span> <span class='ocrx_word' id='word_1_169' title='bbox 632 1948 784 1996; x_wconf 88' lang='lat' dir='ltr'><strong>abbas</strong></span> <span class='ocrx_word' id='word_1_170' title='bbox 836 1948 1121 1997; x_wconf 88' lang='lat' dir='ltr'><strong>monasterii</strong></span> <span class='ocrx_word' id='word_1_171' title='bbox 1179 1947 1335 1996; x_wconf 87' lang='lat' dir='ltr'><strong>sancti</strong></span> <span class='ocrx_word' id='word_1_172' title='bbox 1387 1947 1612 2012; x_wconf 85' lang='lat' dir='ltr'><strong>Vedasti,</strong></span> <span class='ocrx_word' id='word_1_173' title='bbox 1669 1956 1721 1998; x_wconf 79' lang='lat' dir='ltr'><strong>et.</strong></span> 
     </span>
     <span class='ocr_line' id='line_1_27' title="bbox 263 2014 1719 2078; baseline 0.001 -16"><span class='ocrx_word' id='word_1_174' title='bbox 263 2015 559 2078; x_wconf 88' lang='lat' dir='ltr'><strong>Hunfridus,</strong></span> <span class='ocrx_word' id='word_1_175' title='bbox 614 2031 782 2063; x_wconf 89' lang='lat' dir='ltr'><strong>comes</strong></span> <span class='ocrx_word' id='word_1_176' title='bbox 827 2015 1090 2062; x_wconf 90' lang='lat' dir='ltr'><strong>Curiensis.</strong></span> <span class='ocrx_word' id='word_1_177' title='bbox 1182 2014 1280 2062; x_wconf 90' lang='lat' dir='ltr'><strong>Sed</strong></span> <span class='ocrx_word' id='word_1_178' title='bbox 1330 2022 1595 2078; x_wconf 87' lang='lat' dir='ltr'><strong>antequam</strong></span> <span class='ocrx_word' id='word_1_179' title='bbox 1646 2015 1719 2063; x_wconf 89' lang='lat' dir='ltr'><strong>illi</strong></span> 
     </span>
     <span class='ocr_line' id='line_1_28' title="bbox 264 2079 1717 2146; baseline -0.001 -17"><span class='ocrx_word' id='word_1_180' title='bbox 264 2081 474 2129; x_wconf 87' lang='lat' dir='ltr'><strong>fuissent</strong></span> <span class='ocrx_word' id='word_1_181' title='bbox 508 2082 744 2146; x_wconf 87' lang='lat' dir='ltr'><strong>profecti,</strong></span> <span class='ocrx_word' id='word_1_182' title='bbox 793 2089 1034 2129; x_wconf 87' lang='lat' dir='ltr'><strong>venerunt</strong></span> <span class='ocrx_word' id='word_1_183' title='bbox 1080 2079 1226 2143; x_wconf 89' lang='lat' dir='ltr'><strong>legati</strong></span> <span class='ocrx_word' id='word_1_184' title='bbox 1264 2080 1514 2128; x_wconf 87' lang='lat' dir='ltr'><strong>Paschalis</strong></span> <span class='ocrx_word' id='word_1_185' title='bbox 1593 2081 1717 2130; x_wconf 87' lang='lat' dir='ltr'><strong>onti-</strong></span> 
     </span>
     <span class='ocr_line' id='line_1_29' title="bbox 263 2146 1718 2211; baseline 0.001 -17"><span class='ocrx_word' id='word_1_186' title='bbox 263 2147 383 2210; x_wconf 88' lang='lat' dir='ltr'><strong>ficis,</strong></span> <span class='ocrx_word' id='word_1_187' title='bbox 420 2148 663 2195; x_wconf 88' lang='lat' dir='ltr'><strong>Iohannes</strong></span> <span class='ocrx_word' id='word_1_188' title='bbox 699 2147 961 2211; x_wconf 88' lang='lat' dir='ltr'><strong>episcopus</strong></span> <span class='ocrx_word' id='word_1_189' title='bbox 998 2146 1448 2195; x_wconf 88' lang='lat' dir='ltr'><strong>Silvae-candidae</strong></span> <span class='ocrx_word' id='word_1_190' title='bbox 1484 2153 1535 2194; x_wconf 90' lang='lat' dir='ltr'><strong>et</strong></span> <span class='ocrx_word' id='word_1_191' title='bbox 1603 2161 1718 2196; x_wconf 88' lang='lat' dir='ltr'><strong>ene-</strong></span> 
     </span>
     <span class='ocr_line' id='line_1_30' title="bbox 264 2212 1754 2278; baseline 0.001 -18"><span class='ocrx_word' id='word_1_192' title='bbox 264 2214 419 2262; x_wconf 89' lang='lat' dir='ltr'><strong>dictus</strong></span> <span class='ocrx_word' id='word_1_193' title='bbox 455 2214 828 2262; x_wconf 86' lang='lat' dir='ltr'><strong>archidiaconus</strong></span> <span class='ocrx_word' id='word_1_194' title='bbox 864 2222 1063 2262; x_wconf 89' lang='lat' dir='ltr'><strong>sanctae</strong></span> <span class='ocrx_word' id='word_1_195' title='bbox 1101 2213 1235 2262; x_wconf 89' lang='lat' dir='ltr'><strong>sedis</strong></span> <span class='ocrx_word' id='word_1_196' title='bbox 1271 2212 1595 2278; x_wconf 88' lang='lat' dir='ltr'><strong>apostolicae,</strong></span> <span class='ocrx_word' id='word_1_197' title='bbox 1638 2230 1717 2262; x_wconf 88' lang='lat' dir='ltr'><strong>ro·</strong></span> <span class='ocrx_word' id='word_1_198' title='bbox 1753 2241 1754 2244; x_wconf 61' lang='lat'><em>=</em></span> 
     </span>
     <span class='ocr_line' id='line_1_31' title="bbox 262 2278 1754 2346; baseline 0.002 -19"><span class='ocrx_word' id='word_1_199' title='bbox 262 2288 438 2343; x_wconf 87' lang='lat' dir='ltr'><strong>gantes</strong></span> <span class='ocrx_word' id='word_1_200' title='bbox 474 2280 845 2346; x_wconf 89' lang='lat' dir='ltr'><strong>imperatorem,</strong></span> <span class='ocrx_word' id='word_1_201' title='bbox 883 2289 936 2328; x_wconf 90' lang='lat' dir='ltr'><strong>ut</strong></span> <span class='ocrx_word' id='word_1_202' title='bbox 971 2281 1107 2328; x_wconf 89' lang='lat' dir='ltr'><strong>illam</strong></span> <span class='ocrx_word' id='word_1_203' title='bbox 1144 2280 1399 2328; x_wconf 89' lang='lat' dir='ltr'><strong>infamiam</strong></span> <span class='ocrx_word' id='word_1_204' title='bbox 1428 2296 1456 2327; x_wconf 89' lang='lat' dir='ltr'><strong>a</strong></span> <span class='ocrx_word' id='word_1_205' title='bbox 1486 2279 1717 2344; x_wconf 84' lang='lat' dir='ltr'><strong>pontifice</strong></span> <span class='ocrx_word' id='word_1_206' title='bbox 1748 2278 1754 2329; x_wconf 73' lang='lat' dir='ltr'><strong>l</strong></span> 
     </span>
     <span class='ocr_line' id='line_1_32' title="bbox 263 2346 1744 2411; baseline 0.001 -17"><span class='ocrx_word' id='word_1_207' title='bbox 263 2348 496 2410; x_wconf 86' lang='lat' dir='ltr'><strong>auferret,</strong></span> <span class='ocrx_word' id='word_1_208' title='bbox 534 2364 629 2411; x_wconf 90' lang='lat' dir='ltr'><strong>qua</strong></span> <span class='ocrx_word' id='word_1_209' title='bbox 652 2347 735 2395; x_wconf 91' lang='lat' dir='ltr'><strong>ille</strong></span> <span class='ocrx_word' id='word_1_210' title='bbox 766 2347 813 2394; x_wconf 90' lang='lat' dir='ltr'><strong>in</strong></span> <span class='ocrx_word' id='word_1_211' title='bbox 843 2354 1233 2395; x_wconf 88' lang='lat' dir='ltr'><strong>memoratorum</strong></span> <span class='ocrx_word' id='word_1_212' title='bbox 1262 2346 1517 2394; x_wconf 88' lang='lat' dir='ltr'><strong>hominum</strong></span> <span class='ocrx_word' id='word_1_213' title='bbox 1541 2361 1716 2395; x_wconf 76' lang='lat' dir='ltr'><strong>necem</strong></span> <span class='ocrx_word' id='word_1_214' title='bbox 1742 2352 1744 2354; x_wconf 82' lang='grc'><strong>’</strong></span> 
     </span>
     <span class='ocr_line' id='line_1_33' title="bbox 262 2412 1716 2478; baseline 0 -17"><span class='ocrx_word' id='word_1_215' title='bbox 262 2415 572 2462; x_wconf 84' lang='lat' dir='ltr'><strong>consensisse</strong></span> <span class='ocrx_word' id='word_1_216' title='bbox 593 2414 900 2464; x_wconf 85' lang='lat' dir='ltr'><strong>credebatur.</strong></span> <span class='ocrx_word' id='word_1_217' title='bbox 959 2414 1148 2472; x_wconf 87' lang='lat' dir='ltr'><strong>Quibus</strong></span> <span class='ocrx_word' id='word_1_218' title='bbox 1172 2429 1283 2461; x_wconf 91' lang='lat' dir='ltr'><strong>cum</strong></span> <span class='ocrx_word' id='word_1_219' title='bbox 1314 2413 1396 2461; x_wconf 92' lang='lat' dir='ltr'><strong>ille</strong></span> <span class='ocrx_word' id='word_1_220' title='bbox 1427 2412 1560 2461; x_wconf 87' lang='lat' dir='ltr'><strong>iuxta</strong></span> <span class='ocrx_word' id='word_1_221' title='bbox 1585 2413 1716 2478; x_wconf 88' lang='lat' dir='ltr'><strong>quod</strong></span> 
     </span>
     <span class='ocr_line' id='line_1_34' title="bbox 263 2478 1713 2545; baseline 0.001 -18"><span class='ocrx_word' id='word_1_222' title='bbox 263 2480 384 2528; x_wconf 89' lang='lat' dir='ltr'><strong>ratio</strong></span> <span class='ocrx_word' id='word_1_223' title='bbox 433 2480 715 2545; x_wconf 89' lang='lat' dir='ltr'><strong>postulabat</strong></span> <span class='ocrx_word' id='word_1_224' title='bbox 771 2481 1135 2544; x_wconf 87' lang='lat' dir='ltr'><strong>respondisset,</strong></span> <span class='ocrx_word' id='word_1_225' title='bbox 1189 2495 1373 2544; x_wconf 90' lang='lat' dir='ltr'><strong>eosque</strong></span> <span class='ocrx_word' id='word_1_226' title='bbox 1429 2478 1713 2544; x_wconf 79' lang='lat' dir='ltr'><strong>dimisisset,</strong></span> 
     </span>
     <span class='ocr_line' id='line_1_35' title="bbox 262 2545 1713 2621; baseline 0 -27"><span class='ocrx_word' id='word_1_227' title='bbox 262 2547 541 2621; x_wconf 80' lang='lat' dir='ltr'><strong>praedictos</strong></span> <span class='ocrx_word' id='word_1_228' title='bbox 579 2548 769 2610; x_wconf 89' lang='lat' dir='ltr'><strong>legatos</strong></span> <span class='ocrx_word' id='word_1_229' title='bbox 806 2563 922 2596; x_wconf 90' lang='lat' dir='ltr'><strong>suos</strong></span> <span class='ocrx_word' id='word_1_230' title='bbox 958 2548 1020 2595; x_wconf 90' lang='lat' dir='ltr'><strong>ad</strong></span> <span class='ocrx_word' id='word_1_231' title='bbox 1055 2547 1454 2610; x_wconf 85' lang='lat' dir='ltr'><strong>investigandam</strong></span> <span class='ocrx_word' id='word_1_232' title='bbox 1479 2545 1551 2594; x_wconf 87' lang='lat' dir='ltr'><strong>rei</strong></span> <span class='ocrx_word' id='word_1_233' title='bbox 1586 2546 1713 2594; x_wconf 87' lang='lat' dir='ltr'><strong>veri-</strong></span> 
     </span>
     <span class='ocr_line' id='line_1_36' title="bbox 262 2612 1718 2688; baseline 0 -26"><span class='ocrx_word' id='word_1_234' title='bbox 262 2621 432 2688; x_wconf 82' lang='lat' dir='ltr'><strong>tatem,</strong></span> <span class='ocrx_word' id='word_1_235' title='bbox 469 2614 593 2661; x_wconf 92' lang='lat' dir='ltr'><strong>sicut</strong></span> <span class='ocrx_word' id='word_1_236' title='bbox 630 2613 764 2677; x_wconf 88' lang='lat' dir='ltr'><strong>prius</strong></span> <span class='ocrx_word' id='word_1_237' title='bbox 801 2614 1058 2679; x_wconf 89' lang='lat' dir='ltr'><strong>disposuit,</strong></span> <span class='ocrx_word' id='word_1_238' title='bbox 1095 2615 1304 2662; x_wconf 89' lang='lat' dir='ltr'><strong>Romam</strong></span> <span class='ocrx_word' id='word_1_239' title='bbox 1338 2614 1410 2661; x_wconf 87' lang='lat' dir='ltr'><strong>ire</strong></span> <span class='ocrx_word' id='word_1_240' title='bbox 1443 2612 1718 2678; x_wconf 85' lang='lat' dir='ltr'><strong>praecepit,</strong></span> 
     </span>
     <span class='ocr_line' id='line_1_37' title="bbox 263 2679 1718 2746; baseline -0.001 -18"><span class='ocrx_word' id='word_1_241' title='bbox 263 2681 366 2744; x_wconf 85' lang='lat' dir='ltr'><strong>ipse</strong></span> <span class='ocrx_word' id='word_1_242' title='bbox 404 2696 521 2728; x_wconf 91' lang='lat' dir='ltr'><strong>vero</strong></span> <span class='ocrx_word' id='word_1_243' title='bbox 558 2681 802 2744; x_wconf 90' lang='lat' dir='ltr'><strong>reliquum</strong></span> <span class='ocrx_word' id='word_1_244' title='bbox 840 2682 1040 2730; x_wconf 88' lang='lat' dir='ltr'><strong>aestatis</strong></span> <span class='ocrx_word' id='word_1_245' title='bbox 1087 2688 1283 2746; x_wconf 88' lang='lat' dir='ltr'><strong>tempus</strong></span> <span class='ocrx_word' id='word_1_246' title='bbox 1323 2680 1371 2727; x_wconf 90' lang='lat' dir='ltr'><strong>in</strong></span> <span class='ocrx_word' id='word_1_247' title='bbox 1406 2694 1535 2744; x_wconf 87' lang='lat' dir='ltr'><strong>pago</strong></span> <span class='ocrx_word' id='word_1_248' title='bbox 1570 2679 1718 2727; x_wconf 84' lang='lat' dir='ltr'><strong>Wor-</strong></span> 
     </span>
     <span class='ocr_line' id='line_1_38' title="bbox 264 2745 1718 2811; baseline -0.001 -17"><span class='ocrx_word' id='word_1_249' title='bbox 264 2763 493 2795; x_wconf 89' lang='lat' dir='ltr'><strong>macense</strong></span> <span class='ocrx_word' id='word_1_250' title='bbox 539 2763 595 2795; x_wconf 89' lang='lat' dir='ltr'><strong>ac</strong></span> <span class='ocrx_word' id='word_1_251' title='bbox 642 2747 818 2795; x_wconf 91' lang='lat' dir='ltr'><strong>deinde</strong></span> <span class='ocrx_word' id='word_1_252' title='bbox 862 2748 911 2795; x_wconf 90' lang='lat' dir='ltr'><strong>in</strong></span> <span class='ocrx_word' id='word_1_253' title='bbox 948 2748 1208 2796; x_wconf 86' lang='lat' dir='ltr'><strong>Arduenna</strong></span> <span class='ocrx_word' id='word_1_254' title='bbox 1248 2745 1557 2809; x_wconf 81' lang='lat' dir='ltr'><strong>transigens,</strong></span> <span class='ocrx_word' id='word_1_255' title='bbox 1604 2761 1718 2811; x_wconf 79' lang='lat' dir='ltr'><strong>per-</strong></span> 
     </span>
    </p>
   </div>
   <div class='ocr_carea' id='block_1_3' title="bbox 1713 2956 1745 3120">
    <p class='ocr_par' dir='ltr' id='par_1_3' title="bbox 1713 2894 1748 3120">
     <span class='ocr_line' id='line_1_39' title="bbox 1713 2956 1745 3120; baseline 0 -154"><span class='ocrx_word' id='word_1_256' title='bbox 1713 2956 1745 3120; x_wconf 38' lang='grc' dir='ltr'>ί</span> 
     </span>
    </p>
   </div>
  </div>
 </body>
</html>
