<?xml version="1.0" encoding="UTF-8"?>
<!DOCTYPE html PUBLIC "-//W3C//DTD XHTML 1.0 Transitional//EN"
    "http://www.w3.org/TR/xhtml1/DTD/xhtml1-transitional.dtd">
<html xmlns="http://www.w3.org/1999/xhtml" xml:lang="en" lang="en">
 <head>
  <title>
</title>
<meta http-equiv="Content-Type" content="text/html;charset=utf-8" />
  <meta name='ocr-system' content='tesseract 3.04.00' />
  <meta name='ocr-capabilities' content='ocr_page ocr_carea ocr_par ocr_line ocrx_word'/>
</head>
<body>
  <div class='ocr_page' id='page_1' title='image "./annaleseinhard00einhuoft_0057.png"; bbox 0 0 1754 3120; ppageno 0'>
   <div class='ocr_carea' id='block_1_1' title="bbox 621 165 1524 219">
    <p class='ocr_par' dir='ltr' id='par_1_1' title="bbox 621 165 1524 219">
     <span class='ocr_line' id='line_1_1' title="bbox 621 165 1524 219; baseline -0.004 -2"><span class='ocrx_word' id='word_1_1' title='bbox 621 170 676 217; x_wconf 82' lang='lat' dir='ltr'>A.</span> <span class='ocrx_word' id='word_1_2' title='bbox 712 169 824 219; x_wconf 77' lang='lat'><strong>798.</strong></span> <span class='ocrx_word' id='word_1_3' title='bbox 860 167 974 218; x_wconf 81' lang='lat'><strong>799.</strong></span> <span class='ocrx_word' id='word_1_4' title='bbox 1460 165 1524 214; x_wconf 77' lang='lat'>43</span> 
     </span>
    </p>
   </div>
   <div class='ocr_carea' id='block_1_2' title="bbox 77 285 1551 2680">
    <p class='ocr_par' dir='ltr' id='par_1_2' title="bbox 77 285 1527 546">
     <span class='ocr_line' id='line_1_2' title="bbox 77 285 1526 347; baseline -0.01 -1"><span class='ocrx_word' id='word_1_5' title='bbox 77 293 347 346; x_wconf 50' lang='lat' dir='ltr'>&amp;ducalis</span> <span class='ocrx_word' id='word_1_6' title='bbox 381 306 555 340; x_wconf 89' lang='lat' dir='ltr'>earum</span> <span class='ocrx_word' id='word_1_7' title='bbox 587 289 819 340; x_wconf 77' lang='lat' dir='ltr'>Maior-ica</span> <span class='ocrx_word' id='word_1_8' title='bbox 867 296 918 338; x_wconf 90' lang='lat' dir='ltr'>et</span> <span class='ocrx_word' id='word_1_9' title='bbox 951 286 1187 337; x_wconf 77' lang='lat' dir='ltr'>Minoi-ica</span> <span class='ocrx_word' id='word_1_10' title='bbox 1232 285 1526 347; x_wconf 72' lang='lat' dir='ltr'>vocitantur,</span> 
     </span>
     <span class='ocr_line' id='line_1_3' title="bbox 77 351 1526 429; baseline -0.009 -17"><span class='ocrx_word' id='word_1_11' title='bbox 77 355 327 417; x_wconf 50' lang='lat' dir='ltr'>&amp;Haris</span> <span class='ocrx_word' id='word_1_12' title='bbox 361 357 617 424; x_wconf 77' lang='lat' dir='ltr'><strong>piraticam</strong></span> <span class='ocrx_word' id='word_1_13' title='bbox 654 354 996 405; x_wconf 77' lang='lat' dir='ltr'>exercentibus</span> <span class='ocrx_word' id='word_1_14' title='bbox 1032 351 1362 429; x_wconf 71' lang='lat' dir='ltr'>depraedatae</span> <span class='ocrx_word' id='word_1_15' title='bbox 1397 358 1526 400; x_wconf 88' lang='lat' dir='ltr'>sunt.</span> 
     </span>
     <span class='ocr_line' id='line_1_4' title="bbox 79 417 1527 486; baseline -0.008 -8"><span class='ocrx_word' id='word_1_16' title='bbox 79 426 185 479; x_wconf 61' lang='lat' dir='ltr'>Ru</span> <span class='ocrx_word' id='word_1_17' title='bbox 217 440 354 475; x_wconf 79' lang='lat' dir='ltr'>vero</span> <span class='ocrx_word' id='word_1_18' title='bbox 448 423 667 486; x_wconf 64' lang='lat' dir='ltr'>uisgrani</span> <span class='ocrx_word' id='word_1_19' title='bbox 702 422 966 486; x_wconf 82' lang='lat' dir='ltr'>hiemavit,</span> <span class='ocrx_word' id='word_1_20' title='bbox 1005 429 1055 470; x_wconf 91' lang='lat' dir='ltr'>et</span> <span class='ocrx_word' id='word_1_21' title='bbox 1088 419 1153 468; x_wconf 78' lang='lat' dir='ltr'>ibi</span> <span class='ocrx_word' id='word_1_22' title='bbox 1189 419 1406 469; x_wconf 75' lang='lat' dir='ltr'>natalem</span> <span class='ocrx_word' id='word_1_23' title='bbox 1431 417 1527 467; x_wconf 91' lang='lat' dir='ltr'>Do-</span> 
     </span>
     <span class='ocr_line' id='line_1_5' title="bbox 78 487 825 546; baseline -0.015 -2"><span class='ocrx_word' id='word_1_24' title='bbox 78 491 202 546; x_wconf 63' lang='lat' dir='ltr'>i&#39;fl&#39;mi</span> <span class='ocrx_word' id='word_1_25' title='bbox 235 499 314 542; x_wconf 62' lang='lat' dir='ltr'>et⁸</span> <span class='ocrx_word' id='word_1_26' title='bbox 353 506 408 540; x_wconf 80' lang='lat' dir='ltr'>as</span> <span class='ocrx_word' id='word_1_27' title='bbox 472 505 500 536; x_wconf 89' lang='lat' dir='ltr'>a</span> <span class='ocrx_word' id='word_1_28' title='bbox 542 487 825 536; x_wconf 88' lang='lat' dir='ltr'>celebravit.</span> 
     </span>
    </p>

    <p class='ocr_par' dir='ltr' id='par_1_3' title="bbox 79 551 1544 2019">
     <span class='ocr_line' id='line_1_6' title="bbox 155 551 1528 620; baseline -0.008 -11"><span class='ocrx_word' id='word_1_29' title='bbox 155 554 315 611; x_wconf 31' lang='lat' dir='ltr'>Qm</span> <span class='ocrx_word' id='word_1_30' title='bbox 377 569 520 604; x_wconf 91' lang='lat' dir='ltr'>omae</span> <span class='ocrx_word' id='word_1_31' title='bbox 555 553 654 602; x_wconf 84' lang='lat' dir='ltr'>Leo</span> <span class='ocrx_word' id='word_1_32' title='bbox 689 569 847 620; x_wconf 82' lang='lat' dir='ltr'>papa,</span> <span class='ocrx_word' id='word_1_33' title='bbox 883 566 1020 614; x_wconf 90' lang='lat' dir='ltr'>cum,</span> <span class='ocrx_word' id='word_1_34' title='bbox 1057 551 1295 598; x_wconf 84' lang='lat' dir='ltr'>letaniam</span> <span class='ocrx_word' id='word_1_35' title='bbox 1329 565 1528 615; x_wconf 87' lang='lat' dir='ltr'>proces·</span> 
     </span>
     <span class='ocr_line' id='line_1_7' title="bbox 181 616 1529 689; baseline -0.006 -18"><span class='ocrx_word' id='word_1_36' title='bbox 181 620 201 627; x_wconf 84' lang='grc'>”</span> <span class='ocrx_word' id='word_1_37' title='bbox 229 621 357 689; x_wconf 67' lang='lat' dir='ltr'>3-2de</span> <span class='ocrx_word' id='word_1_38' title='bbox 390 620 646 670; x_wconf 82' lang='lat' dir='ltr'>Lateranis</span> <span class='ocrx_word' id='word_1_39' title='bbox 690 620 752 667; x_wconf 89' lang='lat' dir='ltr'>ad</span> <span class='ocrx_word' id='word_1_40' title='bbox 798 618 1061 667; x_wconf 86' lang='lat' dir='ltr'>ecclesiam</span> <span class='ocrx_word' id='word_1_41' title='bbox 1097 616 1227 665; x_wconf 90' lang='lat' dir='ltr'>beati</span> <span class='ocrx_word' id='word_1_42' title='bbox 1263 616 1529 679; x_wconf 88' lang='lat' dir='ltr'>Laurentii,</span> 
     </span>
     <span class='ocr_line' id='line_1_8' title="bbox 166 682 1531 749; baseline -0.008 -10"><span class='ocrx_word' id='word_1_43' title='bbox 166 684 642 746; x_wconf 58' lang='lat' dir='ltr'>j&#39;ssnd-Graticulam</span> <span class='ocrx_word' id='word_1_44' title='bbox 677 682 927 749; x_wconf 85' lang='lat' dir='ltr'>vocatur1,</span> <span class='ocrx_word' id='word_1_45' title='bbox 973 699 1100 749; x_wconf 90' lang='lat' dir='ltr'>equo</span> <span class='ocrx_word' id='word_1_46' title='bbox 1137 682 1318 731; x_wconf 86' lang='lat' dir='ltr'>sedens</span> <span class='ocrx_word' id='word_1_47' title='bbox 1353 697 1531 747; x_wconf 81' lang='lat' dir='ltr'>perge-</span> 
     </span>
     <span class='ocr_line' id='line_1_9' title="bbox 98 748 1531 832; baseline -0.008 -26"><span class='ocrx_word' id='word_1_48' title='bbox 98 816 103 818; x_wconf 17' lang='lat'>*</span> <span class='ocrx_word' id='word_1_49' title='bbox 163 755 266 832; x_wconf 54' lang='lat' dir='ltr'>,fin</span> <span class='ocrx_word' id='word_1_50' title='bbox 289 754 494 804; x_wconf 80' lang='lat' dir='ltr'>insidias</span> <span class='ocrx_word' id='word_1_51' title='bbox 529 770 558 802; x_wconf 90' lang='lat' dir='ltr'>a</span> <span class='ocrx_word' id='word_1_52' title='bbox 588 752 823 803; x_wconf 87' lang='lat' dir='ltr'>Romanis</span> <span class='ocrx_word' id='word_1_53' title='bbox 850 751 1116 817; x_wconf 88' lang='lat' dir='ltr'>dispositas</span> <span class='ocrx_word' id='word_1_54' title='bbox 1151 749 1284 798; x_wconf 88' lang='lat' dir='ltr'>iuxta</span> <span class='ocrx_word' id='word_1_55' title='bbox 1320 748 1531 797; x_wconf 89' lang='lat' dir='ltr'>eandem</span> 
     </span>
     <span class='ocr_line' id='line_1_10' title="bbox 80 814 1532 884; baseline -0.009 -9"><span class='ocrx_word' id='word_1_56' title='bbox 80 820 339 879; x_wconf 61' lang='lat' dir='ltr'>hunlicam</span> <span class='ocrx_word' id='word_1_57' title='bbox 379 821 563 872; x_wconf 87' lang='lat' dir='ltr'>incidit.</span> <span class='ocrx_word' id='word_1_58' title='bbox 649 819 741 869; x_wconf 90' lang='lat' dir='ltr'>Ubi</span> <span class='ocrx_word' id='word_1_59' title='bbox 792 834 921 884; x_wconf 90' lang='lat' dir='ltr'>equo</span> <span class='ocrx_word' id='word_1_60' title='bbox 975 817 1222 880; x_wconf 87' lang='lat' dir='ltr'>deiectus,</span> <span class='ocrx_word' id='word_1_61' title='bbox 1276 823 1327 864; x_wconf 91' lang='lat' dir='ltr'>et</span> <span class='ocrx_word' id='word_1_62' title='bbox 1378 814 1532 863; x_wconf 87' lang='lat' dir='ltr'>erutis</span> 
     </span>
     <span class='ocr_line' id='line_1_11' title="bbox 81 883 1533 953; baseline -0.008 -13"><span class='ocrx_word' id='word_1_63' title='bbox 81 889 249 942; x_wconf 61' lang='lat' dir='ltr'>oculis&gt;⁴</span> <span class='ocrx_word' id='word_1_64' title='bbox 285 895 345 948; x_wconf 77' lang='lat' dir='ltr'>ut</span> <span class='ocrx_word' id='word_1_65' title='bbox 376 887 619 953; x_wconf 81' lang='lat' dir='ltr'>aliquibus</span> <span class='ocrx_word' id='word_1_66' title='bbox 653 887 817 935; x_wconf 90' lang='lat' dir='ltr'>visum</span> <span class='ocrx_word' id='word_1_67' title='bbox 852 891 956 948; x_wconf 83' lang='lat' dir='ltr'>est,</span> <span class='ocrx_word' id='word_1_68' title='bbox 993 883 1163 947; x_wconf 85' lang='lat' dir='ltr'>lingua</span> <span class='ocrx_word' id='word_1_69' title='bbox 1198 898 1393 947; x_wconf 89' lang='lat' dir='ltr'>quoque</span> <span class='ocrx_word' id='word_1_70' title='bbox 1429 897 1533 929; x_wconf 91' lang='lat' dir='ltr'>am·</span> 
     </span>
     <span class='ocr_line' id='line_1_12' title="bbox 79 949 1532 1074; baseline -0.007 -69"><span class='ocrx_word' id='word_1_71' title='bbox 79 961 281 1074; x_wconf 53' lang='lat' dir='ltr'>m,</span> <span class='ocrx_word' id='word_1_72' title='bbox 325 955 486 1004; x_wconf 84' lang='lat' dir='ltr'>nudus</span> <span class='ocrx_word' id='word_1_73' title='bbox 521 970 579 1002; x_wconf 89' lang='lat' dir='ltr'>ac</span> <span class='ocrx_word' id='word_1_74' title='bbox 612 953 881 1002; x_wconf 86' lang='lat' dir='ltr'>semivivus</span> <span class='ocrx_word' id='word_1_75' title='bbox 916 951 965 999; x_wconf 89' lang='lat' dir='ltr'>in</span> <span class='ocrx_word' id='word_1_76' title='bbox 1001 951 1166 1016; x_wconf 84' lang='lat' dir='ltr'>platea</span> <span class='ocrx_word' id='word_1_77' title='bbox 1202 949 1405 997; x_wconf 90' lang='lat' dir='ltr'>relictus</span> <span class='ocrx_word' id='word_1_78' title='bbox 1440 955 1532 996; x_wconf 86' lang='lat' dir='ltr'>est.</span> 
     </span>
     <span class='ocr_line' id='line_1_13' title="bbox 96 1015 1534 1089; baseline -0.007 -18"><span class='ocrx_word' id='word_1_79' title='bbox 96 1076 124 1089; x_wconf 80' lang='grc' dir='ltr'> </span> <span class='ocrx_word' id='word_1_80' title='bbox 167 1073 175 1083; x_wconf 54' lang='grc'><em>,</em></span> <span class='ocrx_word' id='word_1_81' title='bbox 241 1034 273 1070; x_wconf 84' lang='lat' dir='ltr'>e</span> <span class='ocrx_word' id='word_1_82' title='bbox 302 1020 441 1071; x_wconf 87' lang='lat' dir='ltr'>iussu</span> <span class='ocrx_word' id='word_1_83' title='bbox 477 1036 650 1069; x_wconf 87' lang='lat' dir='ltr'>eorum</span> <span class='ocrx_word' id='word_1_84' title='bbox 685 1020 767 1085; x_wconf 91' lang='lat' dir='ltr'>qui</span> <span class='ocrx_word' id='word_1_85' title='bbox 790 1019 937 1067; x_wconf 91' lang='lat' dir='ltr'>huius</span> <span class='ocrx_word' id='word_1_86' title='bbox 972 1017 1088 1066; x_wconf 86' lang='lat' dir='ltr'>facti</span> <span class='ocrx_word' id='word_1_87' title='bbox 1124 1024 1351 1065; x_wconf 83' lang='lat' dir='ltr'>auctores</span> <span class='ocrx_word' id='word_1_88' title='bbox 1377 1015 1534 1077; x_wconf 82' lang='lat' dir='ltr'>fuere,</span> 
     </span>
     <span class='ocr_line' id='line_1_14' title="bbox 81 1081 1535 1154; baseline -0.007 -16"><span class='ocrx_word' id='word_1_89' title='bbox 81 1088 523 1154; x_wconf 45' lang='lat' dir='ltr'>inducamim-ium</span> <span class='ocrx_word' id='word_1_90' title='bbox 570 1087 727 1136; x_wconf 86' lang='lat' dir='ltr'>sancti</span> <span class='ocrx_word' id='word_1_91' title='bbox 763 1085 992 1135; x_wconf 86' lang='lat' dir='ltr'>Herasmi</span> <span class='ocrx_word' id='word_1_92' title='bbox 1030 1082 1266 1146; x_wconf 86' lang='lat' dir='ltr'>martyris</span> <span class='ocrx_word' id='word_1_93' title='bbox 1300 1082 1438 1131; x_wconf 83' lang='lat' dir='ltr'>velut</span> <span class='ocrx_word' id='word_1_94' title='bbox 1472 1081 1535 1129; x_wconf 90' lang='lat' dir='ltr'>ad</span> 
     </span>
     <span class='ocr_line' id='line_1_15' title="bbox 85 1147 1536 1218; baseline -0.007 -13"><span class='ocrx_word' id='word_1_95' title='bbox 85 1152 359 1210; x_wconf 53' lang='lat' dir='ltr'>curandum</span> <span class='ocrx_word' id='word_1_96' title='bbox 394 1154 597 1218; x_wconf 87' lang='lat' dir='ltr'>missus,</span> <span class='ocrx_word' id='word_1_97' title='bbox 632 1153 796 1202; x_wconf 87' lang='lat' dir='ltr'>Albini</span> <span class='ocrx_word' id='word_1_98' title='bbox 828 1151 1101 1216; x_wconf 87' lang='lat' dir='ltr'>cuiusdam,</span> <span class='ocrx_word' id='word_1_99' title='bbox 1137 1147 1422 1198; x_wconf 89' lang='lat' dir='ltr'>cubicularii</span> <span class='ocrx_word' id='word_1_100' title='bbox 1443 1148 1536 1210; x_wconf 83' lang='lat' dir='ltr'>sui,</span> 
     </span>
     <span class='ocr_line' id='line_1_16' title="bbox 83 1215 1536 1288; baseline -0.008 -15"><span class='ocrx_word' id='word_1_101' title='bbox 83 1229 384 1283; x_wconf 58' lang='lat' dir='ltr'>mmoctu</span> <span class='ocrx_word' id='word_1_102' title='bbox 415 1237 508 1288; x_wconf 87' lang='lat' dir='ltr'>per</span> <span class='ocrx_word' id='word_1_103' title='bbox 540 1237 738 1268; x_wconf 89' lang='lat' dir='ltr'>murum</span> <span class='ocrx_word' id='word_1_104' title='bbox 773 1219 1033 1277; x_wconf 79' lang='lat' dir='ltr'>dimissus,</span> <span class='ocrx_word' id='word_1_105' title='bbox 1070 1235 1098 1266; x_wconf 90' lang='lat' dir='ltr'>a</span> <span class='ocrx_word' id='word_1_106' title='bbox 1132 1216 1375 1279; x_wconf 83' lang='lat' dir='ltr'>Winigiso</span> <span class='ocrx_word' id='word_1_107' title='bbox 1411 1215 1536 1262; x_wconf 91' lang='lat' dir='ltr'>duce</span> 
     </span>
     <span class='ocr_line' id='line_1_17' title="bbox 85 1282 1538 1356; baseline -0.008 -17"><span class='ocrx_word' id='word_1_108' title='bbox 85 1287 360 1356; x_wconf 68' lang='lat' dir='ltr'>spolitino,</span> <span class='ocrx_word' id='word_1_109' title='bbox 405 1287 488 1354; x_wconf 93' lang='lat' dir='ltr'>qui</span> <span class='ocrx_word' id='word_1_110' title='bbox 536 1288 702 1335; x_wconf 91' lang='lat' dir='ltr'>audito</span> <span class='ocrx_word' id='word_1_111' title='bbox 745 1285 1028 1336; x_wconf 89' lang='lat' dir='ltr'>huiusmodi</span> <span class='ocrx_word' id='word_1_112' title='bbox 1074 1284 1292 1333; x_wconf 83' lang='lat' dir='ltr'>facinore</span> <span class='ocrx_word' id='word_1_113' title='bbox 1327 1282 1538 1330; x_wconf 88' lang='lat' dir='ltr'>Romam</span> 
     </span>
     <span class='ocr_line' id='line_1_18' title="bbox 87 1347 1538 1418; baseline -0.008 -13"><span class='ocrx_word' id='word_1_114' title='bbox 87 1354 298 1405; x_wconf 72' lang='lat' dir='ltr'>festinus</span> <span class='ocrx_word' id='word_1_115' title='bbox 339 1354 630 1417; x_wconf 81' lang='lat' dir='ltr'>advenerat,</span> <span class='ocrx_word' id='word_1_116' title='bbox 684 1361 966 1418; x_wconf 88' lang='lat' dir='ltr'>susceptus,</span> <span class='ocrx_word' id='word_1_117' title='bbox 1020 1367 1078 1399; x_wconf 89' lang='lat' dir='ltr'>ac</span> <span class='ocrx_word' id='word_1_118' title='bbox 1121 1348 1398 1415; x_wconf 89' lang='lat' dir='ltr'>Spoletium</span> <span class='ocrx_word' id='word_1_119' title='bbox 1454 1347 1538 1395; x_wconf 88' lang='lat' dir='ltr'>de-</span> 
     </span>
     <span class='ocr_line' id='line_1_19' title="bbox 88 1414 1539 1480; baseline -0.006 -10"><span class='ocrx_word' id='word_1_120' title='bbox 88 1421 265 1471; x_wconf 76' lang='lat' dir='ltr'>ductus</span> <span class='ocrx_word' id='word_1_121' title='bbox 299 1428 390 1470; x_wconf 86' lang='lat' dir='ltr'>est.</span> <span class='ocrx_word' id='word_1_122' title='bbox 472 1420 622 1469; x_wconf 90' lang='lat' dir='ltr'>Cuius</span> <span class='ocrx_word' id='word_1_123' title='bbox 668 1419 741 1468; x_wconf 88' lang='lat' dir='ltr'>rei</span> <span class='ocrx_word' id='word_1_124' title='bbox 786 1420 1011 1468; x_wconf 84' lang='lat' dir='ltr'>nuntium</span> <span class='ocrx_word' id='word_1_125' title='bbox 1055 1433 1167 1466; x_wconf 92' lang='lat' dir='ltr'>cum</span> <span class='ocrx_word' id='word_1_126' title='bbox 1202 1432 1289 1464; x_wconf 84' lang='lat' dir='ltr'>rex</span> <span class='ocrx_word' id='word_1_127' title='bbox 1322 1414 1539 1480; x_wconf 89' lang='lat' dir='ltr'>accepis-</span> 
     </span>
     <span class='ocr_line' id='line_1_20' title="bbox 88 1481 1541 1554; baseline -0.007 -17"><span class='ocrx_word' id='word_1_128' title='bbox 88 1494 194 1552; x_wconf 77' lang='lat' dir='ltr'>set,</span> <span class='ocrx_word' id='word_1_129' title='bbox 240 1488 406 1554; x_wconf 88' lang='lat' dir='ltr'>ipsum</span> <span class='ocrx_word' id='word_1_130' title='bbox 453 1487 682 1551; x_wconf 85' lang='lat' dir='ltr'>quidem,</span> <span class='ocrx_word' id='word_1_131' title='bbox 733 1493 789 1534; x_wconf 84' lang='lat' dir='ltr'>ut</span> <span class='ocrx_word' id='word_1_132' title='bbox 834 1486 1072 1534; x_wconf 87' lang='lat' dir='ltr'>vicarium</span> <span class='ocrx_word' id='word_1_133' title='bbox 1122 1482 1278 1532; x_wconf 85' lang='lat' dir='ltr'>sancti</span> <span class='ocrx_word' id='word_1_134' title='bbox 1312 1481 1444 1530; x_wconf 85' lang='lat' dir='ltr'>Petri</span> <span class='ocrx_word' id='word_1_135' title='bbox 1492 1488 1541 1528; x_wconf 89' lang='lat' dir='ltr'>et</span> 
     </span>
     <span class='ocr_line' id='line_1_21' title="bbox 89 1546 1540 1617; baseline -0.007 -13"><span class='ocrx_word' id='word_1_136' title='bbox 89 1554 366 1604; x_wconf 79' lang='lat' dir='ltr'>Romanum</span> <span class='ocrx_word' id='word_1_137' title='bbox 411 1552 723 1617; x_wconf 85' lang='lat' dir='ltr'>pontificem,</span> <span class='ocrx_word' id='word_1_138' title='bbox 773 1567 885 1599; x_wconf 92' lang='lat' dir='ltr'>cum</span> <span class='ocrx_word' id='word_1_139' title='bbox 931 1566 1128 1600; x_wconf 89' lang='lat' dir='ltr'>summo</span> <span class='ocrx_word' id='word_1_140' title='bbox 1163 1549 1352 1597; x_wconf 89' lang='lat' dir='ltr'>honore</span> <span class='ocrx_word' id='word_1_141' title='bbox 1387 1546 1453 1595; x_wconf 87' lang='lat' dir='ltr'>ad</span> <span class='ocrx_word' id='word_1_142' title='bbox 1486 1561 1540 1595; x_wconf 88' lang='lat' dir='ltr'>se</span> 
     </span>
     <span class='ocr_line' id='line_1_22' title="bbox 88 1614 1541 1688; baseline -0.006 -18"><span class='ocrx_word' id='word_1_143' title='bbox 88 1620 340 1688; x_wconf 74' lang='lat' dir='ltr'>praecepit</span> <span class='ocrx_word' id='word_1_144' title='bbox 375 1618 579 1683; x_wconf 78' lang='lat' dir='ltr'>adduci,</span> <span class='ocrx_word' id='word_1_145' title='bbox 615 1619 712 1667; x_wconf 89' lang='lat' dir='ltr'>iter</span> <span class='ocrx_word' id='word_1_146' title='bbox 743 1625 910 1667; x_wconf 89' lang='lat' dir='ltr'>tamen</span> <span class='ocrx_word' id='word_1_147' title='bbox 947 1633 1109 1678; x_wconf 83' lang='lat' dir='ltr'>suum,</span> <span class='ocrx_word' id='word_1_148' title='bbox 1145 1615 1275 1681; x_wconf 89' lang='lat' dir='ltr'>quod</span> <span class='ocrx_word' id='word_1_149' title='bbox 1313 1615 1360 1662; x_wconf 91' lang='lat' dir='ltr'>in</span> <span class='ocrx_word' id='word_1_150' title='bbox 1388 1614 1541 1663; x_wconf 90' lang='lat' dir='ltr'>Saxo-</span> 
     </span>
     <span class='ocr_line' id='line_1_23' title="bbox 89 1680 1542 1748; baseline -0.006 -11"><span class='ocrx_word' id='word_1_151' title='bbox 89 1686 225 1737; x_wconf 79' lang='lat' dir='ltr'>niam</span> <span class='ocrx_word' id='word_1_152' title='bbox 259 1688 425 1736; x_wconf 85' lang='lat' dir='ltr'>facere</span> <span class='ocrx_word' id='word_1_153' title='bbox 461 1685 813 1748; x_wconf 89' lang='lat' dir='ltr'>constituerat,</span> <span class='ocrx_word' id='word_1_154' title='bbox 851 1700 947 1733; x_wconf 90' lang='lat' dir='ltr'>non</span> <span class='ocrx_word' id='word_1_155' title='bbox 983 1682 1165 1732; x_wconf 87' lang='lat' dir='ltr'>omisit.</span> <span class='ocrx_word' id='word_1_156' title='bbox 1238 1681 1415 1731; x_wconf 86' lang='lat' dir='ltr'>Habito</span> <span class='ocrx_word' id='word_1_157' title='bbox 1451 1680 1542 1729; x_wconf 89' lang='lat' dir='ltr'>ita-</span> 
     </span>
     <span class='ocr_line' id='line_1_24' title="bbox 155 1746 1543 1818; baseline -0.006 -16"><span class='ocrx_word' id='word_1_158' title='bbox 155 1768 184 1802; x_wconf 81' lang='lat' dir='ltr'>e</span> <span class='ocrx_word' id='word_1_159' title='bbox 218 1751 439 1818; x_wconf 78' lang='lat' dir='ltr'>generali</span> <span class='ocrx_word' id='word_1_160' title='bbox 473 1759 718 1799; x_wconf 90' lang='lat' dir='ltr'>conventu</span> <span class='ocrx_word' id='word_1_161' title='bbox 767 1768 919 1816; x_wconf 87' lang='lat' dir='ltr'>super</span> <span class='ocrx_word' id='word_1_162' title='bbox 959 1752 1184 1799; x_wconf 89' lang='lat' dir='ltr'>Rhenum</span> <span class='ocrx_word' id='word_1_163' title='bbox 1230 1749 1281 1797; x_wconf 88' lang='lat' dir='ltr'>in</span> <span class='ocrx_word' id='word_1_164' title='bbox 1315 1749 1427 1797; x_wconf 90' lang='lat' dir='ltr'>loco</span> <span class='ocrx_word' id='word_1_165' title='bbox 1460 1746 1543 1812; x_wconf 90' lang='lat' dir='ltr'>qui</span> 
     </span>
     <span class='ocr_line' id='line_1_25' title="bbox 149 1813 1543 1886; baseline -0.005 -19"><span class='ocrx_word' id='word_1_166' title='bbox 149 1819 363 1886; x_wconf 89' lang='lat' dir='ltr'>ppeham</span> <span class='ocrx_word' id='word_1_167' title='bbox 390 1825 610 1881; x_wconf 89' lang='lat' dir='ltr'>vocatur,</span> <span class='ocrx_word' id='word_1_168' title='bbox 647 1817 810 1882; x_wconf 90' lang='lat' dir='ltr'>ibique</span> <span class='ocrx_word' id='word_1_169' title='bbox 845 1817 1024 1864; x_wconf 87' lang='lat' dir='ltr'>eodem</span> <span class='ocrx_word' id='word_1_170' title='bbox 1059 1831 1205 1863; x_wconf 86' lang='lat' dir='ltr'>amne</span> <span class='ocrx_word' id='word_1_171' title='bbox 1231 1813 1543 1877; x_wconf 84' lang='lat' dir='ltr'>transmisso,</span> 
     </span>
     <span class='ocr_line' id='line_1_26' title="bbox 92 1880 1543 1943; baseline -0.006 -8"><span class='ocrx_word' id='word_1_172' title='bbox 92 1901 207 1935; x_wconf 87' lang='lat' dir='ltr'>cum</span> <span class='ocrx_word' id='word_1_173' title='bbox 250 1893 356 1935; x_wconf 94' lang='lat' dir='ltr'>toto</span> <span class='ocrx_word' id='word_1_174' title='bbox 401 1885 619 1933; x_wconf 88' lang='lat' dir='ltr'>exercitu</span> <span class='ocrx_word' id='word_1_175' title='bbox 663 1900 752 1932; x_wconf 91' lang='lat' dir='ltr'>suo</span> <span class='ocrx_word' id='word_1_176' title='bbox 797 1883 858 1931; x_wconf 91' lang='lat' dir='ltr'>ad</span> <span class='ocrx_word' id='word_1_177' title='bbox 895 1882 1280 1932; x_wconf 77' lang='lat' dir='ltr'>padrabrunnon</span> <span class='ocrx_word' id='word_1_178' title='bbox 1317 1880 1543 1943; x_wconf 84' lang='lat' dir='ltr'>accessit,</span> 
     </span>
     <span class='ocr_line' id='line_1_27' title="bbox 91 1947 1544 2019; baseline -0.006 -17"><span class='ocrx_word' id='word_1_179' title='bbox 91 1951 261 2019; x_wconf 82' lang='lat' dir='ltr'>ibique</span> <span class='ocrx_word' id='word_1_180' title='bbox 301 1951 351 2000; x_wconf 91' lang='lat' dir='ltr'>in</span> <span class='ocrx_word' id='word_1_181' title='bbox 395 1950 568 1999; x_wconf 88' lang='lat' dir='ltr'>castris</span> <span class='ocrx_word' id='word_1_182' title='bbox 617 1950 908 2013; x_wconf 87' lang='lat' dir='ltr'>considens,</span> <span class='ocrx_word' id='word_1_183' title='bbox 960 1949 1207 2014; x_wconf 80' lang='lat' dir='ltr'>pontificis</span> <span class='ocrx_word' id='word_1_184' title='bbox 1242 1947 1303 1995; x_wconf 89' lang='lat' dir='ltr'>ad</span> <span class='ocrx_word' id='word_1_185' title='bbox 1340 1962 1395 1995; x_wconf 87' lang='lat' dir='ltr'>se</span> <span class='ocrx_word' id='word_1_186' title='bbox 1431 1962 1544 2011; x_wconf 88' lang='lat' dir='ltr'>pro-</span> 
     </span>
    </p>

    <p class='ocr_par' dir='ltr' id='par_1_4' title="bbox 92 2013 1551 2680">
     <span class='ocr_line' id='line_1_28' title="bbox 157 2013 1544 2083; baseline -0.006 -15"><span class='ocrx_word' id='word_1_187' title='bbox 157 2018 311 2069; x_wconf 79' lang='lat' dir='ltr'>rantis</span> <span class='ocrx_word' id='word_1_188' title='bbox 345 2018 678 2083; x_wconf 85' lang='lat' dir='ltr'>praestolatur</span> <span class='ocrx_word' id='word_1_189' title='bbox 712 2016 994 2065; x_wconf 87' lang='lat' dir='ltr'>adventum.</span> <span class='ocrx_word' id='word_1_190' title='bbox 1048 2015 1179 2063; x_wconf 84' lang='lat' dir='ltr'>Misit</span> <span class='ocrx_word' id='word_1_191' title='bbox 1213 2013 1399 2062; x_wconf 88' lang='lat' dir='ltr'>interea</span> <span class='ocrx_word' id='word_1_192' title='bbox 1421 2013 1544 2061; x_wconf 88' lang='lat' dir='ltr'>Kar-</span> 
     </span>
     <span class='ocr_line' id='line_1_29' title="bbox 113 2078 1544 2147; baseline -0.005 -12"><span class='ocrx_word' id='word_1_193' title='bbox 113 2100 198 2135; x_wconf 87' lang='lat' dir='ltr'>um</span> <span class='ocrx_word' id='word_1_194' title='bbox 238 2084 396 2133; x_wconf 87' lang='lat' dir='ltr'>filium</span> <span class='ocrx_word' id='word_1_195' title='bbox 443 2099 590 2132; x_wconf 84' lang='lat' dir='ltr'>suum</span> <span class='ocrx_word' id='word_1_196' title='bbox 637 2083 697 2130; x_wconf 91' lang='lat' dir='ltr'>ad</span> <span class='ocrx_word' id='word_1_197' title='bbox 742 2083 906 2132; x_wconf 85' lang='lat' dir='ltr'>Albim</span> <span class='ocrx_word' id='word_1_198' title='bbox 955 2098 1067 2131; x_wconf 90' lang='lat' dir='ltr'>cum</span> <span class='ocrx_word' id='word_1_199' title='bbox 1113 2088 1252 2147; x_wconf 91' lang='lat' dir='ltr'>parte</span> <span class='ocrx_word' id='word_1_200' title='bbox 1298 2078 1544 2128; x_wconf 88' lang='lat' dir='ltr'>exercitus</span> 
     </span>
     <span class='ocr_line' id='line_1_30' title="bbox 92 2145 1546 2218; baseline -0.005 -17"><span class='ocrx_word' id='word_1_201' title='bbox 92 2157 298 2218; x_wconf 83' lang='lat' dir='ltr'>propter</span> <span class='ocrx_word' id='word_1_202' title='bbox 331 2150 574 2215; x_wconf 86' lang='lat' dir='ltr'>quaedam</span> <span class='ocrx_word' id='word_1_203' title='bbox 620 2150 819 2214; x_wconf 80' lang='lat' dir='ltr'>negotia</span> <span class='ocrx_word' id='word_1_204' title='bbox 854 2165 967 2197; x_wconf 91' lang='lat' dir='ltr'>cum</span> <span class='ocrx_word' id='word_1_205' title='bbox 1002 2147 1174 2197; x_wconf 92' lang='lat' dir='ltr'>Wilcis</span> <span class='ocrx_word' id='word_1_206' title='bbox 1211 2154 1261 2195; x_wconf 87' lang='lat' dir='ltr'>et</span> <span class='ocrx_word' id='word_1_207' title='bbox 1294 2145 1546 2195; x_wconf 87' lang='lat' dir='ltr'>Abodritis</span> 
     </span>
     <span class='ocr_line' id='line_1_31' title="bbox 93 2212 1547 2294; baseline -0.006 -27"><span class='ocrx_word' id='word_1_208' title='bbox 93 2217 426 2294; x_wconf 85' lang='lat' dir='ltr'>disponenda,</span> <span class='ocrx_word' id='word_1_209' title='bbox 480 2223 530 2265; x_wconf 90' lang='lat' dir='ltr'>et</span> <span class='ocrx_word' id='word_1_210' title='bbox 589 2215 827 2279; x_wconf 87' lang='lat' dir='ltr'>quosdam</span> <span class='ocrx_word' id='word_1_211' title='bbox 876 2215 1098 2263; x_wconf 88' lang='lat' dir='ltr'>Saxones</span> <span class='ocrx_word' id='word_1_212' title='bbox 1149 2214 1212 2260; x_wconf 90' lang='lat' dir='ltr'>de</span> <span class='ocrx_word' id='word_1_213' title='bbox 1264 2212 1547 2261; x_wconf 88' lang='lat' dir='ltr'>Nordliudis</span> 
     </span>
     <span class='ocr_line' id='line_1_32' title="bbox 95 2278 1549 2351; baseline -0.006 -18"><span class='ocrx_word' id='word_1_214' title='bbox 95 2283 418 2351; x_wconf 80' lang='lat' dir='ltr'>recipiendos.</span> <span class='ocrx_word' id='word_1_215' title='bbox 470 2282 620 2331; x_wconf 90' lang='lat' dir='ltr'>Cuius</span> <span class='ocrx_word' id='word_1_216' title='bbox 647 2281 985 2330; x_wconf 87' lang='lat' dir='ltr'>reversionem</span> <span class='ocrx_word' id='word_1_217' title='bbox 1004 2296 1117 2328; x_wconf 88' lang='lat' dir='ltr'>cum</span> <span class='ocrx_word' id='word_1_218' title='bbox 1145 2285 1388 2343; x_wconf 85' lang='lat' dir='ltr'>expectat,</span> <span class='ocrx_word' id='word_1_219' title='bbox 1413 2278 1549 2326; x_wconf 91' lang='lat' dir='ltr'>venit</span> 
     </span>
     <span class='ocr_line' id='line_1_33' title="bbox 96 2347 1545 2418; baseline -0.006 -18"><span class='ocrx_word' id='word_1_220' title='bbox 96 2350 345 2418; x_wconf 80' lang='lat' dir='ltr'>pontifex,</span> <span class='ocrx_word' id='word_1_221' title='bbox 380 2356 431 2398; x_wconf 90' lang='lat' dir='ltr'>et</span> <span class='ocrx_word' id='word_1_222' title='bbox 464 2348 610 2397; x_wconf 90' lang='lat' dir='ltr'>valde</span> <span class='ocrx_word' id='word_1_223' title='bbox 645 2347 912 2397; x_wconf 87' lang='lat' dir='ltr'>honorifice</span> <span class='ocrx_word' id='word_1_224' title='bbox 947 2347 1007 2395; x_wconf 93' lang='lat' dir='ltr'>ab</span> <span class='ocrx_word' id='word_1_225' title='bbox 1044 2347 1128 2394; x_wconf 91' lang='lat' dir='ltr'>illo</span> <span class='ocrx_word' id='word_1_226' title='bbox 1157 2353 1414 2410; x_wconf 89' lang='lat' dir='ltr'>susceptus</span> <span class='ocrx_word' id='word_1_227' title='bbox 1450 2351 1545 2407; x_wconf 86' lang='lat' dir='ltr'>est,</span> 
     </span>
     <span class='ocr_line' id='line_1_34' title="bbox 98 2411 1548 2481; baseline -0.006 -15"><span class='ocrx_word' id='word_1_228' title='bbox 98 2417 377 2481; x_wconf 85' lang='lat' dir='ltr'>mansitque</span> <span class='ocrx_word' id='word_1_229' title='bbox 405 2415 534 2480; x_wconf 86' lang='lat' dir='ltr'>apud</span> <span class='ocrx_word' id='word_1_230' title='bbox 554 2430 668 2463; x_wconf 88' lang='lat' dir='ltr'>eum</span> <span class='ocrx_word' id='word_1_231' title='bbox 697 2415 803 2464; x_wconf 89' lang='lat' dir='ltr'>dies</span> <span class='ocrx_word' id='word_1_232' title='bbox 824 2414 1023 2479; x_wconf 90' lang='lat' dir='ltr'>aliquot.</span> <span class='ocrx_word' id='word_1_233' title='bbox 1075 2413 1136 2461; x_wconf 80' lang='lat' dir='ltr'>Et</span> <span class='ocrx_word' id='word_1_234' title='bbox 1162 2427 1274 2460; x_wconf 90' lang='lat' dir='ltr'>cum</span> <span class='ocrx_word' id='word_1_235' title='bbox 1294 2411 1338 2459; x_wconf 91' lang='lat' dir='ltr'>ei</span> <span class='ocrx_word' id='word_1_236' title='bbox 1358 2417 1548 2474; x_wconf 86' lang='lat' dir='ltr'>cuncta,</span> 
     </span>
     <span class='ocr_line' id='line_1_35' title="bbox 97 2478 1549 2551; baseline -0.007 -17"><span class='ocrx_word' id='word_1_237' title='bbox 97 2491 304 2551; x_wconf 85' lang='lat' dir='ltr'>propter</span> <span class='ocrx_word' id='word_1_238' title='bbox 339 2497 465 2547; x_wconf 88' lang='lat' dir='ltr'>quae</span> <span class='ocrx_word' id='word_1_239' title='bbox 499 2490 729 2546; x_wconf 86' lang='lat' dir='ltr'>venerat,</span> <span class='ocrx_word' id='word_1_240' title='bbox 783 2482 1087 2542; x_wconf 88' lang='lat' dir='ltr'>intimasset,</span> <span class='ocrx_word' id='word_1_241' title='bbox 1123 2479 1303 2527; x_wconf 90' lang='lat' dir='ltr'>iterum</span> <span class='ocrx_word' id='word_1_242' title='bbox 1340 2478 1549 2526; x_wconf 88' lang='lat' dir='ltr'>Romam</span> 
     </span>
     <span class='ocr_line' id='line_1_36' title="bbox 100 2545 1547 2614; baseline -0.008 -13"><span class='ocrx_word' id='word_1_243' title='bbox 100 2566 215 2602; x_wconf 90' lang='lat' dir='ltr'>cum</span> <span class='ocrx_word' id='word_1_244' title='bbox 248 2564 432 2613; x_wconf 80' lang='lat' dir='ltr'>magno</span> <span class='ocrx_word' id='word_1_245' title='bbox 477 2548 665 2598; x_wconf 89' lang='lat' dir='ltr'>honore</span> <span class='ocrx_word' id='word_1_246' title='bbox 698 2564 789 2614; x_wconf 87' lang='lat' dir='ltr'>per</span> <span class='ocrx_word' id='word_1_247' title='bbox 824 2548 1018 2611; x_wconf 86' lang='lat' dir='ltr'>legatos</span> <span class='ocrx_word' id='word_1_248' title='bbox 1054 2545 1188 2610; x_wconf 84' lang='lat' dir='ltr'>regis</span> <span class='ocrx_word' id='word_1_249' title='bbox 1223 2545 1303 2609; x_wconf 92' lang='lat' dir='ltr'>qui</span> <span class='ocrx_word' id='word_1_250' title='bbox 1339 2560 1451 2592; x_wconf 91' lang='lat' dir='ltr'>cum</span> <span class='ocrx_word' id='word_1_251' title='bbox 1488 2559 1547 2591; x_wconf 90' lang='lat' dir='ltr'>eo</span> 
     </span>
     <span class='ocr_line' id='line_1_37' title="bbox 101 2609 1551 2680; baseline -0.007 -13"><span class='ocrx_word' id='word_1_252' title='bbox 101 2617 240 2667; x_wconf 81' lang='lat' dir='ltr'>missi</span> <span class='ocrx_word' id='word_1_253' title='bbox 274 2623 414 2678; x_wconf 84' lang='lat' dir='ltr'>sunt,</span> <span class='ocrx_word' id='word_1_254' title='bbox 456 2614 711 2676; x_wconf 87' lang='lat' dir='ltr'>reductus,</span> <span class='ocrx_word' id='word_1_255' title='bbox 761 2623 908 2680; x_wconf 91' lang='lat' dir='ltr'>atque</span> <span class='ocrx_word' id='word_1_256' title='bbox 943 2613 992 2662; x_wconf 92' lang='lat' dir='ltr'>in</span> <span class='ocrx_word' id='word_1_257' title='bbox 1029 2613 1192 2661; x_wconf 90' lang='lat' dir='ltr'>locum</span> <span class='ocrx_word' id='word_1_258' title='bbox 1228 2627 1373 2660; x_wconf 90' lang='lat' dir='ltr'>suum</span> <span class='ocrx_word' id='word_1_259' title='bbox 1408 2609 1551 2659; x_wconf 88' lang='lat' dir='ltr'>resti-</span> 
     </span>
    </p>
   </div>
   <div class='ocr_carea' id='block_1_3' title="bbox 107 2694 1430 2747">
    <p class='ocr_par' dir='ltr' id='par_1_5' title="bbox 107 2694 1430 2747">
     <span class='ocr_line' id='line_1_38' title="bbox 107 2694 1430 2747; baseline -0.009 -7"><span class='ocrx_word' id='word_1_260' title='bbox 107 2700 138 2747; x_wconf 85' lang='lat'>1)</span> <span class='ocrx_word' id='word_1_261' title='bbox 163 2699 238 2739; x_wconf 76' lang='lat' dir='ltr'>San</span> <span class='ocrx_word' id='word_1_262' title='bbox 262 2699 428 2739; x_wconf 76' lang='lat' dir='ltr'>Lorenzo</span> <span class='ocrx_word' id='word_1_263' title='bbox 454 2699 491 2735; x_wconf 80' lang='lat' dir='ltr'>in</span> <span class='ocrx_word' id='word_1_264' title='bbox 516 2698 655 2735; x_wconf 79' lang='lat' dir='ltr'>Lucina</span> <span class='ocrx_word' id='word_1_265' title='bbox 681 2710 761 2736; x_wconf 72' lang='lat' dir='ltr'>csse</span> <span class='ocrx_word' id='word_1_266' title='bbox 787 2698 947 2741; x_wconf 60' lang='lat' dir='ltr'>videtum</span> <span class='ocrx_word' id='word_1_267' title='bbox 986 2697 1033 2735; x_wconf 74' lang='lat' dir='ltr'>cf.</span> <span class='ocrx_word' id='word_1_268' title='bbox 1059 2696 1195 2735; x_wconf 82' lang='lat' dir='ltr'>Leonis</span> <span class='ocrx_word' id='word_1_269' title='bbox 1220 2694 1284 2731; x_wconf 84' lang='grc' dir='ltr'><strong>ΙΙΙ.</strong></span> <span class='ocrx_word' id='word_1_270' title='bbox 1309 2694 1430 2729; x_wconf 77' lang='lat' dir='ltr'>vium.</span> 
     </span>
    </p>
   </div>
   <div class='ocr_carea' id='block_1_4' title="bbox 75 649 222 809">
    <p class='ocr_par' dir='ltr' id='par_1_6' title="bbox 75 649 222 809">
     <span class='ocr_line' id='line_1_39' title="bbox 75 649 222 809; baseline 0 -101"><span class='ocrx_word' id='word_1_271' title='bbox 75 649 222 809; x_wconf 95' lang='lat' dir='ltr'>   </span> 
     </span>
    </p>
   </div>
  </div>
 </body>
</html>
