1754 3120
168 159 199 205 8
562 159 863 209 ElNHARDl
899 158 1188 210 ANNALES

267 281 381 330 761.
429 281 696 331 Waifarius
733 281 857 345 dux⁷
893 296 1191 346 quamquam
1227 281 1425 332 obsides
1461 282 1625 333 dedis·-

169 353 271 412 set,
306 355 618 396 sacramenta
647 349 875 411 iurasset,
913 348 1067 397 satius
1100 355 1265 397 tamen
1300 357 1455 414 ratus,
1481 351 1531 399 *ai
1561 349 1625 398 de

169 415 320 463 inlato
357 414 448 463 sibi
484 430 614 462 anno
650 415 907 480 superiore
943 414 1074 462 bello
1110 415 1350 463 ultionem
1385 415 1624 481 exigeret,

169 480 438 529 exercitum
473 497 644 544 suum,
689 482 768 546 qui
805 482 1106 529 Francorum
1152 481 1495 546 possessiones
1535 483 1627 547 >po·-

169 548 452 612 pularetur,
490 563 643 612 usque
679 548 740 595 ad
767 547 1075 597 Cabillonem
1110 547 1361 597 civitatem
1398 548 1514 597 fecit
1548 562 1629 597 ac-

169 613 360 662 cedere.
445 614 589 673 Quod
636 630 749 661 cum
795 614 999 679 Pippino
1046 614 1151 676 regi
1191 615 1478 676 generalem
1512 630 1627 664 con-

169 688 371 729 ventum
421 680 586 743 agenti
632 679 679 726 in
730 679 847 727 villa
893 677 1071 726 Duria1
1109 679 1284 729 fuisset
1324 681 1628 744 nunciatum,

170 747 352 795 coactis
377 746 590 810 undique
625 745 845 809 auxiliis,
882 761 994 794 cum
1031 761 1213 808 magno
1251 746 1367 795 belli
1390 750 1628 813 apparatu

168 813 479 878 Aquitaniam
503 814 777 876 ingressus,
813 811 1057 877 quaedam
1086 813 1231 877 opida
1252 820 1399 878 atque
1426 815 1629 864 castella

170 896 318 928 manu
366 879 520 944 cepit:
567 879 617 926 in
662 878 840 944 quibus
875 878 1137 944 praecipua
1186 881 1341 929 fuere¹
1367 879 1628 944 Burbonis.,

170 946 407 1010 Cantilla,
459 943 802 995 Clarmontis2.
887 946 1142 1004 Quaedam
1189 962 1244 994 se
1289 946 1464 996 victori
1499 947 1628 996 ultro

170 1012 489 1077 dediderunt,
526 1013 838 1076 maximeque
874 1014 1210 1061 Arvernorum
1248 1014 1466 1076 castella,
1500 1029 1629 1078 quae

170 1087 285 1128 tunc
333 1079 463 1127 bello
499 1079 867 1144 premebantur.
937 1079 1041 1127 Rex
1089 1087 1257 1128 tamen
1294 1087 1469 1128 cuncta
1503 1094 1632 1146 quae

171 1153 308 1194 extra
355 1146 654 1194 munitiones
692 1145 899 1206 invenit,
946 1147 1079 1193 ferro
1127 1154 1175 1195 et
1211 1146 1311 1208 igni
1348 1146 1629 1211 devastans,

170 1219 432 1277 postquam
478 1212 540 1260 ad
586 1210 894 1260 Limovicas³
929 1212 1164 1277 oppidum
1201 1211 1361 1277 venit,
1397 1229 1632 1269 reversus

172 1286 274 1339 est,
313 1286 361 1326 et
395 1279 444 1325 in
479 1279 599 1325 villa
635 1279 881 1327 Carisiaco
919 1279 1139 1327 hibernis
1174 1278 1631 1342 habitis‚·natalem

172 1342 368 1392 Domini
418 1359 476 1392 ac
511 1344 694 1409 pascha
733 1344 1009 1392 celebravit.
1091 1345 1145 1392 In
1191 1345 1285 1392 hac
1316 1345 1633 1410 expeditione

110 1447 113 1449 >
174 1411 266 1458 fuit
301 1425 413 1458 cum
449 1425 568 1473 rege
607 1409 736 1458 filius
784 1410 891 1458 eius
926 1410 1286 1475 primogenitus
1320 1412 1525 1474 Kar-lus,
1569 1412 1632 1460 ad

174 1492 321 1542 quem
357 1484 470 1542 post
506 1476 659 1542 patris
707 1476 896 1525 obitum
931 1477 1127 1541 imperii
1164 1493 1359 1527 summa
1394 1492 1635 1528 conversa

174 1551 263 1592 est.
1431 1582 1434 1584 .

274 1610 386 1659 762.
438 1609 671 1675 Pippinus
719 1625 807 1658 rex
850 1617 1080 1675 suscepto
1129 1626 1158 1657 a
1205 1625 1259 1659 se
1305 1609 1434 1659 bello
1480 1609 1633 1659 finem

174 1677 411 1742 inponere
460 1677 688 1742 cupiens,
736 1677 917 1725 iterum
955 1676 1293 1742 Aquitanicam
1327 1677 1633 1743 provinciam

175 1759 287 1792 cum
323 1742 517 1806 magnis
554 1743 707 1809 copiis
743 1744 913 1793 intrat:
951 1744 1204 1808 captisque
1236 1742 1483 1792 Biturica⁴
1508 1744 1633 1793 civi-

174 1818 276 1859 tate
313 1818 364 1858 et
400 1810 600 1858 castello
637 1810 837 1858 Toarcis
852 1808 888 1873 ⁵,
924 1810 1203 1858 revertitur.
1287 1809 1636 1875 Hiemavitque

174 1877 222 1924 in
270 1876 386 1924 villa
423 1874 752 1939 Gentiliaco⁶3
800 1884 947 1940 atque
992 1877 1041 1924 in
1087 1893 1144 1923 ea
1186 1877 1400 1924 natalem
1434 1877 1632 1925 Domini

177 1959 233 1991 ac
268 1943 513 2009 paschalis
549 1942 663 1990 festi
699 1941 961 1990 sollemnia
998 1942 1282 1990 celebravit.

243 2010 355 2059 763.
410 2008 663 2056 Redeunte
699 2008 813 2056 anni
854 2024 1072 2071 congruo
1109 2016 1353 2073 tempore,
1389 2016 1633 2058 conventu

176 2076 223 2123 in
261 2074 519 2123 Nivernis⁷
564 2074 758 2137 habito,
816 2082 865 2123 et
900 2076 1165 2124 contractis
1210 2075 1426 2139 undique
1462 2076 1633 2145 copiis⁷

177 2156 263 2189 rex
308 2141 543 2206 Pippinus
586 2141 899 2205 Aquitaniam
945 2143 1150 2206 repetit,
1203 2150 1252 2190 et
1297 2142 1462 2190 omnia
1507 2156 1636 2207 quae

178 2216 315 2256 extra
358 2207 660 2255 munitiones
703 2214 844 2255 erant
887 2209 1020 2255 ferro
1066 2214 1115 2256 et
1150 2208 1252 2271 igni
1288 2208 1635 2273 depopulatusf·

177 2289 333 2339 usque
370 2275 431 2322 ad
469 2273 791 2323 cadurciam8
825 2274 1027 2339 opidum
1071 2275 1293 2326 accessit.
1363 2274 1484 2322 Inde
1519 2290 1635 2323 cum

178 2342 371 2404 integro
421 2340 637 2388 exercitu
685 2340 735 2387 in
779 2340 1035 2387 Franciam
1081 2356 1135 2388 se
1178 2347 1495 2405 recepturus,
1544 2356 1636 2406 per

178 2406 495 2455 Lemovicam
531 2407 823 2470 regreditur.
877 2406 949 2453 De
978 2422 1072 2471 qua
1109 2406 1423 2472 expeditione
1440 2407 1632 2457 Tassilo

178 2473 433 2521 Baioariae
486 2473 611 2537 dux,
666 2472 975 2536 aegritudine
1031 2489 1122 2538 per
1169 2474 1349 2530 dolum<
1385 2470 1631 2538 simulata,-

182 2587 212 2634 1)
237 2587 362 2622 Dur-en
400 2587 495 2622 inter
520 2584 708 2622 Coloniam
735 2593 770 2622 et
806 2585 942 2634 Aquae.
1039 2586 1074 2634 2)
1100 2586 1294 2632 Bourbon,
1336 2584 1634 2624 Clu-telle-le-

181 2636 324 2671 Chastel
351 2641 387 2671 et
412 2633 611 2671 Clermont.
707 2635 743 2682 3)
769 2634 950 2682 Limoges.
1057 2635 1092 2683 4)
1117 2635 1219 2673 Bour
1285 2663 1293 2671 .
1377 2634 1426 2683 ·5)
1452 2632 1631 2672 Thoum-

181 2684 214 2727 6)
243 2683 404 2731 Gentilly
426 2694 542 2731 prope
566 2682 737 2718 Parisios.
838 2683 872 2729 7)
898 2682 1045 2721 Nevers.
1143 2685 1178 2732 8)
1206 2648 1353 2721 ἐξίοι-ι.
