1754 3120
614 213 668 260 A.
705 213 815 262 809.
830 211 834 214 ’
851 212 963 261 810.
1451 211 1517 260 59

0 384 2 394 ,
64 330 315 400 &idtper
366 332 536 381 dolum
577 333 866 381 interfectus
911 339 997 380 est.
1085 329 1184 379 Sed
1231 330 1515 396 imperator,

0 416 5 458 ξ
65 403 332 467 *quam
363 401 503 449 locus
522 399 718 447 civitati
754 397 1125 447 constituendae
1161 398 1324 446 fuerat
1349 397 1517 462 explo-

0 476 7 528 ,ῐ
63 470 225 528 tutus,
256 465 528 531 Egbertum
551 466 784 513 comitem
819 466 934 513 huic
968 464 1168 527 negotio
1204 462 1517 528 exsequendo

0 529 8 571 ἲ
67 532 376 654 w
399 530 570 580 Albim
592 532 799 579 traicere
822 540 874 579 et
895 532 1060 578 locum
1089 530 1231 578 iussit
1261 546 1517 595 occupare.

265 603 369 646 tem
411 598 550 646 locus
596 612 746 663 super
791 596 952 662 ripam
1003 594 1226 644 sturiae1
1283 595 1517 660 fluminis,

46 662 307 781 eolo
351 663 646 726 Esesfelth2,
690 671 740 712 et
784 670 1050 727 occupatus
1096 669 1171 710 est
1204 661 1266 708 ab
1300 662 1518 725 Egberto

129 729 404 790 mitibus
426 730 679 780 Saxonicis
705 730 832 778 circa
866 730 980 777 Idus
1012 728 1231 788 Martias,
1266 736 1318 776 et
1337 728 1518 776 muniri

63 804 287 872 flqtus.
362 798 606 846 Aureolus
642 812 833 859 comes,
881 796 963 860 qui
999 795 1048 842 in
1085 795 1373 843 commertio
1408 795 1518 843 His·

61 875 242 929 pane
275 871 422 928 atque
456 864 646 913 Galliae
681 871 818 912 trans
846 862 1094 910 Pirineum
1129 869 1301 910 contra
1336 862 1518 911 Oscam

65 936 141 980 οὔ*
165 930 614 994 Caesaraugustam
667 928 943 992 residebat,
998 929 1258 976 defunctus
1310 936 1410 991 est,
1469 934 1521 976 et

0 1039 2 1044 ,
65 995 306 1059 Moron,
348 998 629 1062 praefectus
674 997 1095 1059 Caesaraugustae
1149 1002 1296 1058 atque
1343 995 1519 1057 Oscae,

59 1059 231 1112 boum
275 1062 384 1112 eius
418 1063 622 1127 invasit,
671 1071 722 1111 et
765 1063 812 1110 in
849 1063 1065 1111 castellis
1106 1061 1238 1120 illius
1274 1061 1518 1126 praesidia

23 1186 25 1189 ⁸
63 1127 324 1196 liquuit,
357 1130 605 1196 missaque
631 1131 695 1178 ad
730 1130 1081 1194 imperatorem
1107 1129 1370 1192 legatione,
1407 1144 1519 1177 sese

19 1252 22 1254 ,
63 1208 182 1245 -n
212 1195 445 1245 'omnibus
490 1213 616 1262 quae
650 1196 863 1245 habebat
904 1196 954 1244 in
992 1196 1295 1244 deditionem
1329 1196 1401 1243 illi
1436 1211 1519 1243 ve-

62 1260 338 1378 mene
370 1265 612 1329 promisit.
667 1263 890 1328 Eclypsis
926 1264 1072 1311 lunae
1102 1261 1307 1325 contigit
1341 1263 1386 1311 7.
1411 1262 1517 1310 Kal.

84 1424 90 1434 ·
120 1407 281 1458 >‘··8210.
315 1409 556 1472 Amoroz,
593 1410 1018 1473 Caesaraugustae
1053 1409 1350 1474 praefectus,
1387 1415 1519 1474 post·

66 1479 215 1540 quum
238 1475 551 1541 imperatoris
578 1476 725 1540 legati
751 1477 812 1524 ad
846 1492 959 1523 eum
995 1483 1344 1540 pervenerunt,
1380 1474 1522 1540 petiit

63 1543 122 1590 u't
155 1541 453 1607 colloquium
488 1542 630 1591 fieret
673 1543 800 1590 inter
834 1543 994 1607 ipsum
1032 1549 1082 1590 et
1108 1541 1356 1606 Hispanici
1393 1540 1520 1592 limi-

63 1605 131 1662 ὤ
177 1608 434 1672 custodes,
476 1608 768 1674 promittens
815 1624 869 1656 se
915 1608 963 1655 in
1012 1623 1071 1656 eo
1124 1609 1368 1673 colloquio
1406 1623 1520 1656 cum

0 1625 11 1732 l
64 1673 433 1724 sdisomnibus
468 1675 518 1724 in
553 1675 865 1741 imperatoris
914 1674 1158 1722 dicionem
1203 1691 1314 1723 esse
1350 1682 1519 1722 ventu-

0 1742 1 1745 ’
63 1752 205 1803 rum,
239 1741 371 1806 quod
399 1741 515 1789 licet
544 1742 814 1806 imperator
848 1749 901 1789 ut
922 1740 1064 1789 fleret
1089 1741 1358 1804 annuisset,
1394 1742 1520 1789 mul-

66 1806 131 1856 tis
147 1805 588 1856 intervenientibus
609 1807 769 1855 causis
788 1807 1026 1855 remansit
1043 1807 1294 1855 infectum.
1346 1807 1519 1871 Mauri,

66 1872 131 1922 de
162 1877 266 1923 tota
299 1873 535 1940 Hispania
580 1874 794 1922 maxima
828 1874 988 1922 classe
1024 1881 1311 1939 conparata,
1357 1873 1519 1938 primo

63 1938 374 2007 Sardiniam,
410 1940 588 1988 deinde
624 1940 872 1989 Corsicam
910 1941 1233 2004 appulerunt,
1287 1941 1520 2004 nulloque

65 2006 115 2056 iu
151 2021 211 2055 ea
244 2005 445 2056 invento
471 2006 734 2073 praesidio,
771 2007 983 2055 insulam
1019 2021 1176 2071 paene
1215 2013 1368 2054 totam
1406 2006 1520 2054 sub-

66 2081 288 2138 egerunt.
386 2073 580 2122 Interea
629 2073 861 2139 Pippinus
909 2089 1025 2135 rex,
1083 2072 1290 2138 perfidia
1338 2073 1520 2121 ducum

14 2143 18 2147 ’
64 2138 413 2188 Veneticomm
467 2140 721 2204 incitatus,
791 2140 1053 2187 Veneciam
1110 2139 1240 2187 bello
1290 2148 1521 2204 terraque

8 2214 15 2226 '¹
65 2204 288 2270 marique
331 2206 470 2255 iussit
517 2223 543 2255 a
582 2213 777 2272 petere,
825 2205 1142 2269 subiectaque
1187 2204 1429 2254 Venecia³
1465 2222 1522 2253 ac

67 2270 272 2322 ducibus
307 2272 412 2322 eius
448 2272 496 2320 in
568 2273 840 2320 editionem
876 2271 1115 2336 acceptiS,
1151 2272 1360 2319 eandem
1397 2272 1520 2320 clas-

66 2352 175 2388 sem
208 2338 271 2388 ad
298 2338 578 2388 Dalmaciae
616 2339 759 2388 litora
790 2338 1026 2387 vastanda
1061 2336 1206 2387 misit.
1272 2338 1371 2386 Sed
1409 2354 1520 2386 cum

65 2404 265 2468 Paulus,
301 2405 582 2455 cefalaniae
620 2407 924 2471 praefectus,
962 2420 1072 2453 cum
1100 2404 1325 2453 orientali
1362 2406 1520 2453 classe

67 2471 129 2521 ad
173 2471 408 2520 auxilium
442 2473 680 2522 Dalmatis
727 2472 984 2521 ferendum
1022 2471 1336 2534 adventaret,
1381 2471 1520 2534 regia

69 2586 109 2635 1)
126 2584 214 2624 Scor
237 2586 276 2622 in
300 2584 476 2622 notantia.
579 2586 614 2633 2)
641 2586 796 2624 ltzelioe.
914 2584 948 2630 3)
975 2583 1015 2620 Pi
1043 2585 1167 2631 pinum
1192 2597 1266 2620 non
1291 2596 1416 2620 ornnes
1443 2583 1522 2619 Ve-

15 2643 18 2646 ·
66 2639 232 2672 m
261 2635 397 2671 insulas
413 2634 626 2677 obtinuisse,
650 2636 713 2671 sed
740 2641 848 2682 ponte
874 2634 991 2669 navali
1010 2597 1140 2668 lliivum
1166 2634 1275 2669 altum
1301 2643 1520 2680 aggressum,

69 2688 280 2731 m
315 2683 434 2719 nubilo
459 2690 582 2719 coorta
608 2684 653 2719 ab
678 2684 823 2730 incepto
850 2681 1022 2718 desistere
1048 2687 1211 2718 coactum
1238 2693 1336 2723 enee,
1373 2693 1417 2718 ex
1442 2678 1522 2716 Ve-

70 2737 235 2768 netorum
260 2732 440 2768 chronicis
466 2738 621 2773 constan
655 2743 688 2767 v.
714 2731 812 2767 Mon.
839 2729 960 2767 Germ.
988 2728 1054 2766 SS.
1082 2729 1123 2765 T.
1150 2729 1229 2764 Vll.
