1754 3120
595 192 650 239 A.
689 190 963 241 817—819.
1442 193 1506 240 75

55 312 126 364 ibi
159 320 213 363 et
242 312 450 361 aliarum
486 313 740 361 nationum
775 312 956 376 legati,
991 310 1340 360 Abodritorum
1376 313 1508 360 vide·

54 378 175 430 licat
205 395 264 428 ac
298 378 516 443 Bornae,
560 379 698 427 ducis
733 378 1143 427 Guduscanorum
1186 385 1236 427 et
1271 378 1506 427 Timocia-

54 460 256 509 notum,
293 446 375 512 qui
410 457 567 510 nuper
602 462 630 492 a
654 445 979 508 Bulgarorum
1016 444 1255 493 societate
1290 444 1509 494 descive-

52 520 167 563 rant
209 519 260 561 et
305 512 367 561 ad
402 518 598 560 nostros
635 510 758 559 fines
802 527 856 559 se
892 511 1225 574 contulerant,
1276 513 1422 560 simul
1459 520 1508 561 et

53 577 339 642 Liudcwiti,
384 577 522 626 ducis
557 576 839 625 Pannoniae
876 575 1152 638 inferioris,
1190 577 1271 640 qui
1306 594 1387 627 res
1423 595 1508 627 no·

55 660 146 697 vna
171 643 414 708 moliens,
466 643 736 694 Cadolaum
773 643 1005 692 comitem
1043 650 1093 691 et
1127 659 1324 691 marcae
1360 645 1396 692 F
1399 662 1507 692 oro·

50 708 276 762 tuliensis
324 711 629 776 praefectum
675 709 975 758 crudelitatis
1022 717 1167 773 atque
1214 709 1507 759 insolentiae

51 791 286 827 &causare
332 777 612 826 conabatur.
701 776 889 836 Quibus
934 775 1001 824 ibi
1037 775 1217 824 auditis
1254 784 1400 841 atque
1437 778 1506 825 di-

50 842 247 909 missis,
288 843 559 910 imperator
594 843 901 908 Aquasgrani
938 843 1001 891 ad
1035 843 1356 892 hiemandum
1394 861 1505 909 pro·

51 909 213 960 fectus
246 918 334 960 est.

123 978 264 1028 1819,
309 975 569 1041 Sclaomir,
605 975 955 1024 Abodritorum
984 991 1086 1039 rex,
1124 975 1187 1024 ob
1224 976 1361 1024 cuius
1397 994 1507 1042 per-

49 1040 219 1093 fflh'm
263 1043 596 1092 ulciscendam
646 1043 889 1092 exercitus
924 1043 1175 1092 Saxonum
1211 1051 1260 1092 et
1295 1044 1507 1093 orienta-

49 1108 174 1159 lium
203 1108 504 1159 Francorum
541 1110 718 1158 eodem
759 1126 887 1158 anno
923 1116 1059 1157 trans
1093 1109 1287 1158 Albiam
1325 1110 1506 1160 missus

49 1175 240 1240 fuerat,
282 1192 374 1242 per
415 1177 695 1242 praefectos
744 1176 971 1225 Saxonici
1016 1176 1185 1225 limitis
1229 1183 1279 1225 et
1313 1178 1506 1241 legatos

46 1241 362 1308 imperatoris
391 1243 472 1308 qui
509 1243 743 1292 exercitui
778 1251 1054 1309 praeerant,
1090 1244 1398 1307 Aquasgrani
1422 1245 1505 1292 ad-

49 1306 227 1359 ductum
262 1316 353 1358 est.
439 1310 597 1368 Quem
635 1326 748 1358 cum
784 1310 1028 1375 primores
1062 1310 1231 1374 populi
1269 1310 1374 1372 sui,
1423 1312 1505 1375 qui

37 1374 200 1424 simul
230 1375 352 1424 iussi
386 1384 638 1438 venerant,
675 1376 842 1424 multis
878 1375 1162 1425 criminibus
1198 1385 1503 1441 accusarent,

49 1449 102 1491 et
132 1441 218 1491 ine
259 1442 538 1492 rationabili
583 1442 874 1491 defensione
917 1443 1109 1492 obiecta
1145 1442 1235 1491 sibi
1272 1445 1504 1492 refellere

48 1524 148 1556 non
191 1509 412 1572 valeret,
461 1509 604 1558 exilio
652 1509 1007 1558 condemnatus
1053 1517 1155 1570 est,
1209 1516 1261 1556 et
1296 1526 1503 1572 regnum

48 1574 334 1640 Condi-ago,
378 1576 675 1624 Thi-asconis
722 1576 850 1638 filio,
905 1577 1089 1624 datum.
1160 1575 1319 1625 Simili
1355 1577 1504 1625 modo

47 1647 101 1690 et
145 1640 312 1707 Lupus
358 1642 598 1705 Centulli,
645 1642 855 1705 Wasco,
911 1643 991 1707 qui
1038 1658 1150 1690 cum
1202 1641 1503 1706 Berengario

49 1708 260 1756 Tolosae
309 1716 360 1757 et
402 1708 604 1756 Warino
655 1710 862 1757 Arverni
910 1710 1091 1758 comite
1148 1709 1326 1756 eodem
1375 1726 1503 1758 anno

48 1773 237 1840 proelio
273 1772 491 1822 conflixit
525 1802 588 1809 —
635 1775 684 1821 in
733 1792 828 1839 quo
866 1783 914 1823 et
951 1777 1155 1824 fratrem
1192 1777 1503 1824 Garsandum

50 1840 315 1904 singularis
350 1840 595 1888 amentiae
630 1841 883 1889 hominem
918 1842 1104 1904 amisit,
1154 1848 1203 1889 et
1237 1842 1373 1906 ipse,
1410 1843 1503 1891 nisi

47 1905 140 1956 sibi
186 1906 421 1970 fugiendo
467 1908 770 1971 consuleret,
821 1924 976 1972 prope
1024 1908 1276 1956 interitum
1312 1909 1405 1956 fuit
1440 1937 1504 1945 —

0 2020 2 2024 ,
48 1989 162 2022 cum
215 1973 265 2022 in
312 1981 631 2038 conspectum
677 1974 992 2039 imperatoris
1040 1975 1282 2038 venisset,
1336 1991 1393 2023 ac
1441 1975 1503 2024 de

0 2062 9 2113 f
46 2037 279 2105 perfidia,
328 2040 465 2088 cuius
501 2056 529 2087 a
565 2041 854 2089 memoratis
890 2041 1151 2089 comitibus
1189 2041 1386 2089 inmane
1423 2058 1501 2090 ac·

0 2119 7 2199 '¹
46 2105 335 2171 cusabatur,
370 2123 424 2155 se
460 2123 674 2171 purgare
710 2125 808 2155 non
844 2108 1115 2172 potuisset,
1153 2115 1202 2156 et
1237 2109 1344 2172 ipse
1380 2115 1502 2156 tem-

0 2222 5 2234 ,
46 2172 204 2238 porali
239 2180 318 2221 est
352 2173 496 2220 exilio
532 2173 832 2237 deportatus.
886 2175 1171 2222 Conventus
1206 2175 1501 2238 Aquisgrani

0 2246 162 2313 {post
205 2239 423 2288 natalem
475 2238 670 2287 Domini
723 2239 947 2302 habitus,
1000 2241 1048 2287 in
1093 2256 1190 2304 quo
1238 2241 1394 2288 multa
1441 2241 1502 2289 de

0 2311 13 2319 ²
45 2313 177 2356 statu
211 2305 532 2354 ecclesiarum
577 2314 627 2355 et
661 2307 1076 2355 monasteriorum
1112 2313 1319 2355 tractata
1355 2313 1502 2370 atque

0 2324 17 2459 Ι
46 2371 272 2421 ordinata
306 2380 436 2435 sunt,
471 2373 665 2437 legibus
701 2373 849 2422 etiam
878 2373 1088 2439 capitula
1126 2372 1366 2438 quaedam
1391 2389 1500 2437 per-

0 2459 7 2486 «
46 2438 356 2503 necessaria,
401 2438 513 2503 quia
559 2440 790 2503 deerant,
843 2441 1120 2506 conscripta
1155 2447 1301 2504 atque
1337 2440 1503 2488 addita

45 2513 173 2555 sunt.
243 2506 353 2565 Quo
389 2515 615 2581 peracto,
651 2507 947 2572 imperator,
985 2507 1218 2573 inspectis
1253 2506 1502 2571 plerisque

3 2607 16 2619 ..
46 2571 286 2622 nobilium
335 2571 557 2637 filiabus,
611 2575 788 2639 Huelpi
836 2574 1029 2622 comitis
1075 2574 1250 2637 liliam,
1302 2574 1501 2621 nomine

48 2638 239 2702 Iudith,
276 2639 412 2688 duxit
448 2656 666 2689 uxorem.
726 2642 1006 2706 lterumque
1033 2649 1303 2690 conventus
1329 2655 1501 2687 mense

4 2716 11 2722 '
47 2705 168 2754 lulio
205 2707 331 2772 apud
369 2706 698 2771 lngilunheim
737 2708 970 2772 palatium
1009 2709 1230 2769 habitus,
1279 2714 1326 2754 et
1363 2722 1499 2755 exer-
