1754 3120
250 192 311 240 18
663 189 895 238 ElNHAR
905 189 966 237 Dl
1002 190 1290 239 ANNALES

250 329 313 379 op
351 313 670 375 ugnationem
717 309 990 374 dimittere,
1037 310 1127 359 sed
1173 311 1325 359 etiam
1360 312 1534 376 fugere
1569 327 1701 362 com·

251 396 314 446 pu
337 384 508 436 erunt,
544 377 868 442 palantesque
904 393 961 424 ac
995 376 1070 425 dis
1107 391 1247 426 ersos
1283 377 1344 425 ad
1378 377 1602 444 Lippiam
1620 393 1701 428 us·

253 461 346 510 qne
382 442 586 490 fluvium
620 444 865 508 persecuti
900 451 1027 492 sunt.
1129 459 1215 491 aec
1250 459 1363 492 cum
1398 443 1702 512 regi‘mdlata

254 511 490 572 fuissent,
526 517 770 558 conventu
807 510 937 575 apud
961 510 1294 559 Wormaciam
1329 509 1515 574 habite,
1542 511 1702 568 Saxo-

254 577 386 625 niam
428 575 535 624 sine
579 591 718 623 mora
754 578 923 625 statuit
970 592 1084 624 cum
1133 577 1350 626 exercitu
1387 591 1499 625 esse
1534 582 1704 643 peten-

254 644 396 707 dam,
434 642 792 706 contractisque
829 643 1110 704 ingentibus
1146 643 1326 718 copiiS,
1365 650 1499 692 tanta
1534 642 1705 692 celeri-

254 716 352 759 tate
388 708 451 757 ad
475 709 775 757 destinatum
811 723 839 755 a
875 722 929 755 se
965 708 1014 754 in
1040 708 1253 755 Saxoma
1281 710 1445 757 locum
1464 710 1705 775 pervenit,

256 783 309 825 ut
343 790 517 822 omnes
552 774 771 822 hostium
805 781 1025 838 conatuS,
1063 773 1239 839 quibus
1275 775 1319 822 ei
1355 774 1588 825 resistere
1621 792 1706 842 pa·

256 842 447 901 rabant,
483 840 568 888 illa
603 840 919 889 festinatione
943 847 1295 906 praeverteret.
1355 841 1479 890 Nam
1504 839 1567 890 ad
1600 844 1707 891 fon-

256 916 359 957 tem
383 906 586 972 Lippiae
620 907 840 971 veniens,
875 906 1152 955 inmensam
1177 907 1305 956 illius
1329 906 1505 973 perfidi
1537 907 1709 975 populi

256 973 626 1023 multitudinem
654 974 789 1022 velut
823 973 1054 1022 devotam
1080 989 1137 1021 ac
1160 974 1450 1039 supplicem,
1486 980 1535 1023 et
1560 990 1710 1040 quam

257 1040 439 1089 erroris
485 1040 560 1088 sui
596 1040 896 1105 poeniteret,
946 1041 1142 1088 veniam
1186 1047 1473 1105 poscentem
1509 1041 1707 1090 invenit.

258 1108 346 1157 Cui
394 1123 507 1154 cum
554 1115 603 1155 et
647 1106 1031 1155 misericorditer
1064 1107 1362 1171 ignovisset,
1413 1114 1463 1155 et
1505 1122 1593 1155 eos
1628 1107 1710 1172 qui

257 1189 312 1223 se
348 1173 639 1221 christianos
676 1173 781 1222 fieri
817 1174 947 1221 velle
981 1172 1332 1237 adfirmabant,
1368 1172 1604 1238 baptizari
1639 1174 1711 1221 fe·

259 1240 433 1303 cisset,
477 1239 605 1287 datis
641 1248 691 1288 et
725 1240 939 1305 acceptis
973 1255 1064 1306 pro
1099 1239 1198 1288 fide
1234 1239 1477 1288 servanda
1513 1239 1712 1288 fraudu·

259 1305 403 1353 lentis
439 1305 711 1353 eorundem
747 1306 1183 1370 promissionibus,
1227 1305 1482 1354 obsidibus
1517 1321 1712 1371 quoque

294 1387 383 1419 uos
419 1371 749 1436 imperaverat
783 1372 1010 1437 receptis,
1045 1370 1361 1435 Aeresburgo
1385 1379 1548 1420 castro
1581 1371 1713 1440 quod

259 1389 482 1485 dirutum
527 1445 636 1485 erat
681 1446 983 1502 restaurato,
1040 1437 1235 1502 alioque
1281 1435 1518 1487 castello¹
1562 1454 1715 1504 super

260 1503 486 1568 Lippiam
511 1510 811 1568 constructo,
849 1512 897 1552 et
917 1505 965 1552 in
1002 1512 1208 1569 utroque
1233 1521 1330 1552 non
1356 1503 1552 1553 modico
1568 1506 1714 1570 prae-

260 1571 386 1619 sidio
431 1570 629 1632 relicto,
684 1569 790 1635 ipse
839 1570 888 1618 in
930 1571 1143 1619 Galliam
1186 1586 1444 1634 reversus,
1503 1571 1553 1619 in
1597 1571 1715 1620 villa

263 1636 545 1685 Heristallio
581 1636 830 1684 hiemavit.

361 1703 475 1752 777.
529 1702 631 1750 Rex
666 1703 826 1768 prima
859 1702 990 1750 veris
1025 1702 1310 1767 adspirante
1342 1700 1587 1766 temperie
1621 1702 1717 1750 No-

265 1767 583 1832 vio1nagum²
627 1771 878 1833 profectus
914 1776 1014 1831 est,
1063 1776 1112 1816 et
1147 1776 1261 1833 post
1295 1766 1595 1818 celebratam
1630 1767 1719 1816 ibi-

264 1835 380 1883 dem
415 1835 661 1900 paschalis
697 1835 812 1883 festi
849 1834 1251 1896 sollemnitatem,
1286 1842 1490 1899 propter
1519 1835 1718 1882 fraudu-

264 1903 426 1950 lentas
445 1902 694 1950 Saxonum
730 1901 1103 1967 promissiones,
1140 1900 1316 1964 quibus
1348 1900 1499 1948 fidem
1535 1899 1721 1949 habere

267 1984 366 2015 non
403 1974 615 2032 poterat,
650 1967 712 2014 ad
746 1969 909 2014 locum
947 1966 1028 2031 qui
1058 1966 1341 2014 Padrabrun
1375 1972 1597 2030 vocatur,
1633 1982 1720 2031 ge·

265 2034 488 2081 neralem
522 2034 692 2097 populi
716 2033 790 2081 sui
826 2041 1122 2081 conventum
1144 2033 1192 2081 in
1215 2047 1274 2080 eo
1299 2031 1571 2097 habiturus,
1606 2049 1720 2081 cum

268 2099 456 2164 ingenti
501 2100 713 2147 exercitu
771 2101 820 2147 in
868 2099 1133 2148 Saxoniam
1178 2099 1428 2164 profectus
1472 2106 1563 2148 est.
1648 2100 1719 2148 Eo

267 2182 380 2215 cum
425 2166 671 2229 venisset,
717 2173 876 2215 totum
920 2165 1140 2231 perfidae
1187 2165 1348 2228 gentis
1391 2173 1619 2214 senatum
1660 2180 1722 2213 ac

269 2233 535 2298 populum,
570 2247 717 2296 quem
754 2232 815 2280 ad
852 2247 907 2280 se
941 2233 1110 2280 venire
1143 2232 1381 2293 iusserat,
1415 2231 1722 2296 morigerum

269 2315 327 2347 ac
362 2298 604 2348 fallaciter
639 2298 730 2347 sibi
768 2298 999 2347 devotum
1035 2299 1233 2347 invenit.
1302 2298 1428 2346 Nam
1463 2298 1622 2347 cuncti
1657 2297 1722 2346 ad

270 2381 383 2413 eum
418 2372 661 2413 venerunt
693 2371 892 2429 praeter
923 2364 1306 2426 Widichindum,
1343 2379 1493 2411 unum
1528 2379 1590 2412 ex
1619 2362 1722 2439 pri·

270 2431 489 2479 moribus
524 2431 938 2493 Westfalaorum,
986 2432 1067 2495 qui
1102 2431 1374 2478 multorum
1409 2430 1502 2479 sibi
1538 2431 1720 2478 facino·

269 2514 381 2545 rum
416 2498 664 2561 conscius,
701 2504 751 2546 et
783 2497 847 2545 ob
882 2497 931 2544 id
967 2513 1140 2560 regem
1175 2496 1384 2560 veritus,
1431 2496 1495 2544 ad
1529 2494 1720 2560 sigifri-

269 2564 389 2612 dum
424 2564 677 2612 Danorum
723 2579 895 2627 regem
929 2565 1234 2629 profugerat.
1315 2562 1478 2612 Ceteri
1518 2562 1602 2627 qui
1635 2579 1721 2611 ve-

269 2638 471 2693 nerant,
508 2629 556 2677 in
591 2638 782 2679 tantum
818 2645 872 2679 se
908 2631 1040 2695 regis
1075 2629 1310 2697 potestati
1342 2628 1633 2695 permisere,
1669 2636 1724 2678 ut

272 2720 302 2766 1)
330 2721 365 2756 iu
391 2721 473 2755 loco
497 2718 684 2768 Lippstadt
709 2719 821 2755 fuisse
847 2720 1023 2755 existimo.
1129 2720 1164 2766 2)
1190 2718 1408 2766 Nimwegen.
