<?xml version="1.0" encoding="UTF-8"?>
<!DOCTYPE html PUBLIC "-//W3C//DTD XHTML 1.0 Transitional//EN"
    "http://www.w3.org/TR/xhtml1/DTD/xhtml1-transitional.dtd">
<html xmlns="http://www.w3.org/1999/xhtml" xml:lang="en" lang="en">
 <head>
  <title>
</title>
<meta http-equiv="Content-Type" content="text/html;charset=utf-8" />
  <meta name='ocr-system' content='tesseract 3.04.00' />
  <meta name='ocr-capabilities' content='ocr_page ocr_carea ocr_par ocr_line ocrx_word'/>
</head>
<body>
  <div class='ocr_page' id='page_1' title='image "./annaleseinhard00einhuoft_0108.png"; bbox 0 0 1754 3120; ppageno 0'>
   <div class='ocr_carea' id='block_1_1' title="bbox 228 209 1265 262">
    <p class='ocr_par' dir='ltr' id='par_1_1' title="bbox 228 209 1265 262">
     <span class='ocr_line' id='line_1_1' title="bbox 228 209 1265 262; baseline 0.001 -1"><span class='ocrx_word' id='word_1_1' title='bbox 228 209 291 261; x_wconf 80' lang='lat'>94</span> <span class='ocrx_word' id='word_1_2' title='bbox 643 212 940 261; x_wconf 84' lang='lat' dir='ltr'>ElNl-lARDl</span> <span class='ocrx_word' id='word_1_3' title='bbox 978 212 1265 262; x_wconf 83' lang='lat' dir='ltr'><strong>ANNALES</strong></span> 
     </span>
    </p>
   </div>
   <div class='ocr_carea' id='block_1_2' title="bbox 214 331 1732 2673">
    <p class='ocr_par' dir='ltr' id='par_1_2' title="bbox 214 331 1732 2673">
     <span class='ocr_line' id='line_1_2' title="bbox 229 331 1677 399; baseline 0.004 -22"><span class='ocrx_word' id='word_1_4' title='bbox 229 331 403 394; x_wconf 85' lang='lat' dir='ltr'>dignas</span> <span class='ocrx_word' id='word_1_5' title='bbox 448 331 682 396; x_wconf 81' lang='lat' dir='ltr'>perfidiae</span> <span class='ocrx_word' id='word_1_6' title='bbox 727 349 845 381; x_wconf 88' lang='lat' dir='ltr'>suae</span> <span class='ocrx_word' id='word_1_7' title='bbox 893 350 1079 399; x_wconf 87' lang='lat' dir='ltr'>poenas</span> <span class='ocrx_word' id='word_1_8' title='bbox 1126 349 1237 383; x_wconf 87' lang='lat' dir='ltr'>esse</span> <span class='ocrx_word' id='word_1_9' title='bbox 1274 335 1516 383; x_wconf 80' lang='lat' dir='ltr'>daturum.</span> <span class='ocrx_word' id='word_1_10' title='bbox 1586 335 1677 383; x_wconf 84' lang='lat' dir='ltr'>Ve-</span> 
     </span>
     <span class='ocr_line' id='line_1_3' title="bbox 228 399 1678 467; baseline 0.003 -22"><span class='ocrx_word' id='word_1_11' title='bbox 228 406 407 445; x_wconf 83' lang='lat' dir='ltr'>nerunt</span> <span class='ocrx_word' id='word_1_12' title='bbox 443 405 489 445; x_wconf 91' lang='lat' dir='ltr'>et</span> <span class='ocrx_word' id='word_1_13' title='bbox 525 413 582 445; x_wconf 87' lang='lat' dir='ltr'>ex</span> <span class='ocrx_word' id='word_1_14' title='bbox 621 399 895 447; x_wconf 85' lang='lat' dir='ltr'>Brittonum</span> <span class='ocrx_word' id='word_1_15' title='bbox 932 400 1256 467; x_wconf 71' lang='lat' dir='ltr'>primoribus,</span> <span class='ocrx_word' id='word_1_16' title='bbox 1298 415 1420 465; x_wconf 82' lang='lat' dir='ltr'>quos</span> <span class='ocrx_word' id='word_1_17' title='bbox 1453 401 1586 450; x_wconf 82' lang='lat' dir='ltr'>iuius</span> <span class='ocrx_word' id='word_1_18' title='bbox 1621 401 1678 449; x_wconf 88' lang='lat' dir='ltr'>li-</span> 
     </span>
     <span class='ocr_line' id='line_1_4' title="bbox 228 464 1677 516; baseline 0.003 -5"><span class='ocrx_word' id='word_1_19' title='bbox 228 464 358 512; x_wconf 87' lang='lat' dir='ltr'>mitis</span> <span class='ocrx_word' id='word_1_20' title='bbox 402 465 633 513; x_wconf 86' lang='lat' dir='ltr'>custodes</span> <span class='ocrx_word' id='word_1_21' title='bbox 669 466 913 514; x_wconf 84' lang='lat' dir='ltr'>adducere</span> <span class='ocrx_word' id='word_1_22' title='bbox 958 468 1233 516; x_wconf 87' lang='lat' dir='ltr'>voluerunt.</span> <span class='ocrx_word' id='word_1_23' title='bbox 1319 466 1508 515; x_wconf 86' lang='lat' dir='ltr'>Eodem</span> <span class='ocrx_word' id='word_1_24' title='bbox 1543 474 1677 516; x_wconf 63' lang='lat' dir='ltr'>tem-</span> 
     </span>
     <span class='ocr_line' id='line_1_5' title="bbox 226 531 1677 596; baseline 0.004 -20"><span class='ocrx_word' id='word_1_25' title='bbox 226 546 347 595; x_wconf 83' lang='lat' dir='ltr'>pore</span> <span class='ocrx_word' id='word_1_26' title='bbox 396 531 659 580; x_wconf 88' lang='lat' dir='ltr'>Herioldus</span> <span class='ocrx_word' id='word_1_27' title='bbox 715 548 826 579; x_wconf 93' lang='lat' dir='ltr'>cum</span> <span class='ocrx_word' id='word_1_28' title='bbox 883 549 1034 581; x_wconf 88' lang='lat' dir='ltr'>uxore</span> <span class='ocrx_word' id='word_1_29' title='bbox 1089 542 1140 582; x_wconf 89' lang='lat' dir='ltr'>et</span> <span class='ocrx_word' id='word_1_30' title='bbox 1191 549 1371 596; x_wconf 84' lang='lat' dir='ltr'>magna</span> <span class='ocrx_word' id='word_1_31' title='bbox 1425 533 1677 582; x_wconf 83' lang='lat' dir='ltr'>Danorum</span> 
     </span>
     <span class='ocr_line' id='line_1_6' title="bbox 226 597 1677 664; baseline 0.002 -20"><span class='ocrx_word' id='word_1_32' title='bbox 226 597 539 646; x_wconf 88' lang='lat' dir='ltr'>multitudine</span> <span class='ocrx_word' id='word_1_33' title='bbox 574 599 795 661; x_wconf 73' lang='lat' dir='ltr'>veniens,</span> <span class='ocrx_word' id='word_1_34' title='bbox 840 599 1134 662; x_wconf 86' lang='lat' dir='ltr'>Mogontiaci</span> <span class='ocrx_word' id='word_1_35' title='bbox 1171 601 1300 664; x_wconf 82' lang='lat' dir='ltr'>apud</span> <span class='ocrx_word' id='word_1_36' title='bbox 1338 607 1560 649; x_wconf 87' lang='lat' dir='ltr'>sanctum</span> <span class='ocrx_word' id='word_1_37' title='bbox 1595 599 1677 648; x_wconf 78' lang='lat' dir='ltr'>Al-</span> 
     </span>
     <span class='ocr_line' id='line_1_7' title="bbox 226 664 1677 731; baseline 0.003 -21"><span class='ocrx_word' id='word_1_38' title='bbox 226 664 406 712; x_wconf 85' lang='lat' dir='ltr'>banum</span> <span class='ocrx_word' id='word_1_39' title='bbox 443 680 552 711; x_wconf 90' lang='lat' dir='ltr'>cum</span> <span class='ocrx_word' id='word_1_40' title='bbox 590 665 665 711; x_wconf 89' lang='lat' dir='ltr'>his</span> <span class='ocrx_word' id='word_1_41' title='bbox 701 680 823 727; x_wconf 88' lang='lat' dir='ltr'>quos</span> <span class='ocrx_word' id='word_1_42' title='bbox 859 680 1027 712; x_wconf 88' lang='lat' dir='ltr'>secum</span> <span class='ocrx_word' id='word_1_43' title='bbox 1059 665 1258 713; x_wconf 85' lang='lat' dir='ltr'>adduxit</span> <span class='ocrx_word' id='word_1_44' title='bbox 1289 665 1562 731; x_wconf 82' lang='lat' dir='ltr'>baptizatus</span> <span class='ocrx_word' id='word_1_45' title='bbox 1584 672 1677 728; x_wconf 80' lang='lat' dir='ltr'>est,</span> 
     </span>
     <span class='ocr_line' id='line_1_8' title="bbox 225 730 1679 797; baseline 0.001 -20"><span class='ocrx_word' id='word_1_46' title='bbox 225 730 488 794; x_wconf 88' lang='lat' dir='ltr'>multisque</span> <span class='ocrx_word' id='word_1_47' title='bbox 536 730 822 778; x_wconf 89' lang='lat' dir='ltr'>muneribus</span> <span class='ocrx_word' id='word_1_48' title='bbox 867 731 926 778; x_wconf 90' lang='lat' dir='ltr'>ab</span> <span class='ocrx_word' id='word_1_49' title='bbox 973 731 1270 796; x_wconf 79' lang='lat' dir='ltr'>imperatore</span> <span class='ocrx_word' id='word_1_50' title='bbox 1307 733 1542 796; x_wconf 80' lang='lat' dir='ltr'>donatus,</span> <span class='ocrx_word' id='word_1_51' title='bbox 1587 747 1679 797; x_wconf 81' lang='lat' dir='ltr'>per</span> 
     </span>
     <span class='ocr_line' id='line_1_9' title="bbox 224 797 1677 863; baseline 0.002 -20"><span class='ocrx_word' id='word_1_52' title='bbox 224 797 459 859; x_wconf 65' lang='lat' dir='ltr'>Frisiam7</span> <span class='ocrx_word' id='word_1_53' title='bbox 507 813 601 861; x_wconf 91' lang='lat' dir='ltr'>qua</span> <span class='ocrx_word' id='word_1_54' title='bbox 646 804 852 845; x_wconf 89' lang='lat' dir='ltr'>venerat</span> <span class='ocrx_word' id='word_1_55' title='bbox 899 797 1003 860; x_wconf 75' lang='lat' dir='ltr'>via,</span> <span class='ocrx_word' id='word_1_56' title='bbox 1058 814 1287 846; x_wconf 83' lang='lat' dir='ltr'>reversus</span> <span class='ocrx_word' id='word_1_57' title='bbox 1334 806 1421 847; x_wconf 90' lang='lat' dir='ltr'>est.</span> <span class='ocrx_word' id='word_1_58' title='bbox 1490 799 1543 847; x_wconf 90' lang='lat' dir='ltr'>ln</span> <span class='ocrx_word' id='word_1_59' title='bbox 1581 814 1677 863; x_wconf 86' lang='lat' dir='ltr'>qua</span> 
     </span>
     <span class='ocr_line' id='line_1_10' title="bbox 223 863 1677 927; baseline 0.002 -18"><span class='ocrx_word' id='word_1_60' title='bbox 223 863 475 927; x_wconf 85' lang='lat' dir='ltr'>provincia</span> <span class='ocrx_word' id='word_1_61' title='bbox 513 879 637 910; x_wconf 91' lang='lat' dir='ltr'>unus</span> <span class='ocrx_word' id='word_1_62' title='bbox 674 864 936 912; x_wconf 82' lang='lat' dir='ltr'>comitatus</span> <span class='ocrx_word' id='word_1_63' title='bbox 972 864 1052 927; x_wconf 91' lang='lat' dir='ltr'>qui</span> <span class='ocrx_word' id='word_1_64' title='bbox 1090 864 1300 912; x_wconf 84' lang='lat' dir='ltr'>Hriustri</span> <span class='ocrx_word' id='word_1_65' title='bbox 1336 871 1564 925; x_wconf 70' lang='lat' dir='ltr'>vocatur,</span> <span class='ocrx_word' id='word_1_66' title='bbox 1609 864 1677 912; x_wconf 85' lang='lat' dir='ltr'>ei-</span> 
     </span>
     <span class='ocr_line' id='line_1_11' title="bbox 224 930 1676 993; baseline 0.001 -17"><span class='ocrx_word' id='word_1_67' title='bbox 224 930 338 977; x_wconf 85' lang='lat' dir='ltr'>dem</span> <span class='ocrx_word' id='word_1_68' title='bbox 375 930 519 978; x_wconf 88' lang='lat' dir='ltr'>datus</span> <span class='ocrx_word' id='word_1_69' title='bbox 555 937 658 991; x_wconf 76' lang='lat' dir='ltr'>est,</span> <span class='ocrx_word' id='word_1_70' title='bbox 706 936 759 977; x_wconf 90' lang='lat' dir='ltr'>ut</span> <span class='ocrx_word' id='word_1_71' title='bbox 796 930 842 978; x_wconf 90' lang='lat' dir='ltr'>in</span> <span class='ocrx_word' id='word_1_72' title='bbox 880 946 994 978; x_wconf 90' lang='lat' dir='ltr'>eum</span> <span class='ocrx_word' id='word_1_73' title='bbox 1031 947 1085 979; x_wconf 88' lang='lat' dir='ltr'>se</span> <span class='ocrx_word' id='word_1_74' title='bbox 1121 947 1233 978; x_wconf 90' lang='lat' dir='ltr'>cum</span> <span class='ocrx_word' id='word_1_75' title='bbox 1269 930 1417 979; x_wconf 89' lang='lat' dir='ltr'>rebus</span> <span class='ocrx_word' id='word_1_76' title='bbox 1461 931 1587 993; x_wconf 70' lang='lat' dir='ltr'>suis,</span> <span class='ocrx_word' id='word_1_77' title='bbox 1635 931 1676 979; x_wconf 85' lang='lat' dir='ltr'>si</span> 
     </span>
     <span class='ocr_line' id='line_1_12' title="bbox 223 996 1676 1062; baseline 0 -18"><span class='ocrx_word' id='word_1_78' title='bbox 223 997 492 1044; x_wconf 85' lang='lat' dir='ltr'>necessitas</span> <span class='ocrx_word' id='word_1_79' title='bbox 527 996 777 1059; x_wconf 73' lang='lat' dir='ltr'>exigeret,</span> <span class='ocrx_word' id='word_1_80' title='bbox 832 997 1052 1061; x_wconf 89' lang='lat' dir='ltr'>recipere</span> <span class='ocrx_word' id='word_1_81' title='bbox 1088 998 1343 1062; x_wconf 87' lang='lat' dir='ltr'>potuisset.</span> <span class='ocrx_word' id='word_1_82' title='bbox 1422 997 1676 1046; x_wconf 87' lang='lat' dir='ltr'>Baldricus</span> 
     </span>
     <span class='ocr_line' id='line_1_13' title="bbox 222 1062 1676 1124; baseline 0 -14"><span class='ocrx_word' id='word_1_83' title='bbox 222 1079 340 1110; x_wconf 88' lang='lat' dir='ltr'>vero</span> <span class='ocrx_word' id='word_1_84' title='bbox 396 1070 443 1111; x_wconf 90' lang='lat' dir='ltr'>et</span> <span class='ocrx_word' id='word_1_85' title='bbox 499 1063 766 1124; x_wconf 73' lang='lat' dir='ltr'>Gen-oldus,</span> <span class='ocrx_word' id='word_1_86' title='bbox 826 1065 1031 1112; x_wconf 87' lang='lat' dir='ltr'>comites</span> <span class='ocrx_word' id='word_1_87' title='bbox 1086 1080 1142 1111; x_wconf 91' lang='lat' dir='ltr'>ac</span> <span class='ocrx_word' id='word_1_88' title='bbox 1191 1063 1453 1112; x_wconf 86' lang='lat' dir='ltr'>Pannonici</span> <span class='ocrx_word' id='word_1_89' title='bbox 1507 1062 1676 1111; x_wconf 84' lang='lat' dir='ltr'>limitis</span> 
     </span>
     <span class='ocr_line' id='line_1_14' title="bbox 222 1129 1677 1194; baseline -0.002 -16"><span class='ocrx_word' id='word_1_90' title='bbox 222 1129 486 1194; x_wconf 70' lang='lat' dir='ltr'>praefecti⁷</span> <span class='ocrx_word' id='word_1_91' title='bbox 523 1130 571 1176; x_wconf 89' lang='lat' dir='ltr'>in</span> <span class='ocrx_word' id='word_1_92' title='bbox 607 1130 786 1177; x_wconf 88' lang='lat' dir='ltr'>eodem</span> <span class='ocrx_word' id='word_1_93' title='bbox 823 1137 1066 1178; x_wconf 83' lang='lat' dir='ltr'>conventu</span> <span class='ocrx_word' id='word_1_94' title='bbox 1104 1131 1397 1194; x_wconf 77' lang='lat' dir='ltr'>adfuerunt,</span> <span class='ocrx_word' id='word_1_95' title='bbox 1428 1137 1482 1178; x_wconf 80' lang='lat' dir='ltr'>et</span> <span class='ocrx_word' id='word_1_96' title='bbox 1517 1129 1677 1176; x_wconf 88' lang='lat' dir='ltr'>adhuc</span> 
     </span>
     <span class='ocr_line' id='line_1_15' title="bbox 223 1195 1676 1259; baseline 0.001 -17"><span class='ocrx_word' id='word_1_97' title='bbox 223 1196 285 1243; x_wconf 91' lang='lat' dir='ltr'>de</span> <span class='ocrx_word' id='word_1_98' title='bbox 321 1203 457 1243; x_wconf 89' lang='lat' dir='ltr'>motu</span> <span class='ocrx_word' id='word_1_99' title='bbox 487 1195 815 1259; x_wconf 84' lang='lat' dir='ltr'>Bulgarorum</span> <span class='ocrx_word' id='word_1_100' title='bbox 853 1197 1116 1245; x_wconf 89' lang='lat' dir='ltr'>adversum</span> <span class='ocrx_word' id='word_1_101' title='bbox 1148 1214 1236 1244; x_wconf 91' lang='lat' dir='ltr'>nos</span> <span class='ocrx_word' id='word_1_102' title='bbox 1265 1197 1383 1243; x_wconf 91' lang='lat' dir='ltr'>nihil</span> <span class='ocrx_word' id='word_1_103' title='bbox 1409 1211 1464 1243; x_wconf 86' lang='lat' dir='ltr'>se</span> <span class='ocrx_word' id='word_1_104' title='bbox 1491 1195 1676 1243; x_wconf 83' lang='lat' dir='ltr'>sentire</span> 
     </span>
     <span class='ocr_line' id='line_1_16' title="bbox 221 1259 1676 1327; baseline -0.001 -17"><span class='ocrx_word' id='word_1_105' title='bbox 221 1277 369 1327; x_wconf 89' lang='lat' dir='ltr'>posse</span> <span class='ocrx_word' id='word_1_106' title='bbox 415 1263 579 1310; x_wconf 90' lang='lat' dir='ltr'>testati</span> <span class='ocrx_word' id='word_1_107' title='bbox 627 1269 752 1310; x_wconf 89' lang='lat' dir='ltr'>sunt.</span> <span class='ocrx_word' id='word_1_108' title='bbox 839 1263 983 1310; x_wconf 88' lang='lat' dir='ltr'>Venit</span> <span class='ocrx_word' id='word_1_109' title='bbox 1017 1279 1130 1310; x_wconf 91' lang='lat' dir='ltr'>cum</span> <span class='ocrx_word' id='word_1_110' title='bbox 1165 1262 1388 1310; x_wconf 88' lang='lat' dir='ltr'>Baldrico</span> <span class='ocrx_word' id='word_1_111' title='bbox 1433 1259 1676 1327; x_wconf 86' lang='lat' dir='ltr'>presbiter</span> 
     </span>
     <span class='ocr_line' id='line_1_17' title="bbox 222 1328 1675 1393; baseline -0.001 -17"><span class='ocrx_word' id='word_1_112' title='bbox 222 1329 422 1393; x_wconf 89' lang='lat' dir='ltr'>quidam</span> <span class='ocrx_word' id='word_1_113' title='bbox 459 1328 520 1375; x_wconf 90' lang='lat' dir='ltr'>de</span> <span class='ocrx_word' id='word_1_114' title='bbox 555 1328 781 1391; x_wconf 74' lang='lat' dir='ltr'>Venetia,</span> <span class='ocrx_word' id='word_1_115' title='bbox 830 1329 1029 1376; x_wconf 89' lang='lat' dir='ltr'>nomine</span> <span class='ocrx_word' id='word_1_116' title='bbox 1065 1329 1332 1392; x_wconf 74' lang='lat' dir='ltr'>Georgius,</span> <span class='ocrx_word' id='word_1_117' title='bbox 1381 1328 1463 1393; x_wconf 90' lang='lat' dir='ltr'>qui</span> <span class='ocrx_word' id='word_1_118' title='bbox 1499 1343 1553 1376; x_wconf 89' lang='lat' dir='ltr'>se</span> <span class='ocrx_word' id='word_1_119' title='bbox 1597 1342 1675 1376; x_wconf 91' lang='lat' dir='ltr'>or-</span> 
     </span>
     <span class='ocr_line' id='line_1_18' title="bbox 221 1394 1676 1460; baseline 0.001 -18"><span class='ocrx_word' id='word_1_120' title='bbox 221 1411 404 1458; x_wconf 88' lang='lat' dir='ltr'>ganum</span> <span class='ocrx_word' id='word_1_121' title='bbox 461 1395 623 1443; x_wconf 84' lang='lat' dir='ltr'>facere</span> <span class='ocrx_word' id='word_1_122' title='bbox 673 1411 821 1460; x_wconf 89' lang='lat' dir='ltr'>posse</span> <span class='ocrx_word' id='word_1_123' title='bbox 875 1394 1153 1455; x_wconf 80' lang='lat' dir='ltr'>asserebat3</span> <span class='ocrx_word' id='word_1_124' title='bbox 1206 1411 1353 1460; x_wconf 87' lang='lat' dir='ltr'>quem</span> <span class='ocrx_word' id='word_1_125' title='bbox 1404 1396 1676 1460; x_wconf 82' lang='lat' dir='ltr'>imperator</span> 
     </span>
     <span class='ocr_line' id='line_1_19' title="bbox 219 1461 1676 1526; baseline 0 -17"><span class='ocrx_word' id='word_1_126' title='bbox 219 1462 528 1526; x_wconf 88' lang='lat' dir='ltr'>Aquasgrani</span> <span class='ocrx_word' id='word_1_127' title='bbox 565 1478 676 1509; x_wconf 91' lang='lat' dir='ltr'>cum</span> <span class='ocrx_word' id='word_1_128' title='bbox 708 1462 978 1510; x_wconf 87' lang='lat' dir='ltr'>Thancolfo</span> <span class='ocrx_word' id='word_1_129' title='bbox 1015 1463 1299 1510; x_wconf 85' lang='lat' dir='ltr'>saccellario</span> <span class='ocrx_word' id='word_1_130' title='bbox 1334 1461 1485 1525; x_wconf 76' lang='lat' dir='ltr'>misit,</span> <span class='ocrx_word' id='word_1_131' title='bbox 1521 1468 1586 1525; x_wconf 80' lang='lat' dir='ltr'>et,</span> <span class='ocrx_word' id='word_1_132' title='bbox 1621 1467 1676 1509; x_wconf 89' lang='lat' dir='ltr'>ut</span> 
     </span>
     <span class='ocr_line' id='line_1_20' title="bbox 220 1527 1674 1576; baseline 0.001 -2"><span class='ocrx_word' id='word_1_133' title='bbox 220 1528 266 1575; x_wconf 89' lang='lat' dir='ltr'>ei</span> <span class='ocrx_word' id='word_1_134' title='bbox 302 1528 467 1575; x_wconf 89' lang='lat' dir='ltr'>omnia</span> <span class='ocrx_word' id='word_1_135' title='bbox 504 1528 565 1574; x_wconf 88' lang='lat' dir='ltr'>ad</span> <span class='ocrx_word' id='word_1_136' title='bbox 614 1528 993 1576; x_wconf 88' lang='lat' dir='ltr'>instrumentum</span> <span class='ocrx_word' id='word_1_137' title='bbox 1037 1529 1351 1576; x_wconf 85' lang='lat' dir='ltr'>efficiendum</span> <span class='ocrx_word' id='word_1_138' title='bbox 1395 1527 1674 1576; x_wconf 77' lang='lat' dir='ltr'>necessaria</span> 
     </span>
     <span class='ocr_line' id='line_1_21' title="bbox 219 1593 1673 1659; baseline 0 -18"><span class='ocrx_word' id='word_1_139' title='bbox 219 1594 592 1659; x_wconf 72' lang='lat' dir='ltr'>praeberentur7</span> <span class='ocrx_word' id='word_1_140' title='bbox 629 1593 929 1658; x_wconf 83' lang='lat' dir='ltr'>imperavit1.</span> <span class='ocrx_word' id='word_1_141' title='bbox 1002 1596 1335 1659; x_wconf 90' lang='lat' dir='ltr'>Condictoque</span> <span class='ocrx_word' id='word_1_142' title='bbox 1371 1610 1428 1642; x_wconf 88' lang='lat' dir='ltr'>ac</span> <span class='ocrx_word' id='word_1_143' title='bbox 1459 1609 1673 1659; x_wconf 87' lang='lat' dir='ltr'>pronun-</span> 
     </span>
     <span class='ocr_line' id='line_1_22' title="bbox 218 1660 1671 1723; baseline -0.001 -14"><span class='ocrx_word' id='word_1_144' title='bbox 218 1662 338 1709; x_wconf 89' lang='lat' dir='ltr'>tiato</span> <span class='ocrx_word' id='word_1_145' title='bbox 370 1661 430 1708; x_wconf 90' lang='lat' dir='ltr'>ad</span> <span class='ocrx_word' id='word_1_146' title='bbox 456 1660 674 1708; x_wconf 90' lang='lat' dir='ltr'>medium</span> <span class='ocrx_word' id='word_1_147' title='bbox 702 1660 986 1709; x_wconf 90' lang='lat' dir='ltr'>Octobrium</span> <span class='ocrx_word' id='word_1_148' title='bbox 1011 1661 1233 1723; x_wconf 89' lang='lat' dir='ltr'>generali</span> <span class='ocrx_word' id='word_1_149' title='bbox 1265 1668 1527 1723; x_wconf 73' lang='lat' dir='ltr'>conventu,</span> <span class='ocrx_word' id='word_1_150' title='bbox 1563 1675 1671 1708; x_wconf 85' lang='lat' dir='ltr'>cae-</span> 
     </span>
     <span class='ocr_line' id='line_1_23' title="bbox 218 1727 1720 1791; baseline 0 -15"><span class='ocrx_word' id='word_1_151' title='bbox 218 1728 338 1776; x_wconf 88' lang='lat' dir='ltr'>teris</span> <span class='ocrx_word' id='word_1_152' title='bbox 374 1727 602 1775; x_wconf 89' lang='lat' dir='ltr'>omnibus</span> <span class='ocrx_word' id='word_1_153' title='bbox 647 1743 786 1774; x_wconf 87' lang='lat' dir='ltr'>more</span> <span class='ocrx_word' id='word_1_154' title='bbox 826 1727 1037 1774; x_wconf 87' lang='lat' dir='ltr'>solemni</span> <span class='ocrx_word' id='word_1_155' title='bbox 1073 1727 1339 1789; x_wconf 79' lang='lat' dir='ltr'>absolutis,</span> <span class='ocrx_word' id='word_1_156' title='bbox 1384 1727 1490 1791; x_wconf 85' lang='lat' dir='ltr'>ipse</span> <span class='ocrx_word' id='word_1_157' title='bbox 1533 1733 1672 1775; x_wconf 77' lang='lat' dir='ltr'>trans</span> <span class='ocrx_word' id='word_1_158' title='bbox 1714 1772 1720 1778; x_wconf 86' lang='lat'>..</span> 
     </span>
     <span class='ocr_line' id='line_1_24' title="bbox 218 1793 1671 1857; baseline -0.001 -16"><span class='ocrx_word' id='word_1_159' title='bbox 218 1794 446 1841; x_wconf 88' lang='lat' dir='ltr'>Rhenum</span> <span class='ocrx_word' id='word_1_160' title='bbox 494 1794 556 1840; x_wconf 92' lang='lat' dir='ltr'>ad</span> <span class='ocrx_word' id='word_1_161' title='bbox 603 1793 773 1840; x_wconf 88' lang='lat' dir='ltr'>villam</span> <span class='ocrx_word' id='word_1_162' title='bbox 819 1809 944 1857; x_wconf 85' lang='lat' dir='ltr'>quae</span> <span class='ocrx_word' id='word_1_163' title='bbox 991 1793 1125 1841; x_wconf 91' lang='lat' dir='ltr'>Saltz</span> <span class='ocrx_word' id='word_1_164' title='bbox 1173 1801 1376 1841; x_wconf 90' lang='lat' dir='ltr'>vocatur</span> <span class='ocrx_word' id='word_1_165' title='bbox 1421 1808 1533 1840; x_wconf 87' lang='lat' dir='ltr'>cum</span> <span class='ocrx_word' id='word_1_166' title='bbox 1579 1806 1671 1841; x_wconf 85' lang='lat' dir='ltr'>suo</span> 
     </span>
     <span class='ocr_line' id='line_1_25' title="bbox 218 1859 1671 1925; baseline -0.001 -17"><span class='ocrx_word' id='word_1_167' title='bbox 218 1859 452 1909; x_wconf 91' lang='lat' dir='ltr'>comitatu</span> <span class='ocrx_word' id='word_1_168' title='bbox 488 1860 739 1925; x_wconf 80' lang='lat' dir='ltr'>profectus</span> <span class='ocrx_word' id='word_1_169' title='bbox 775 1867 865 1907; x_wconf 88' lang='lat' dir='ltr'>est.</span> <span class='ocrx_word' id='word_1_170' title='bbox 936 1859 1006 1907; x_wconf 90' lang='lat' dir='ltr'>lbi</span> <span class='ocrx_word' id='word_1_171' title='bbox 1045 1860 1107 1907; x_wconf 92' lang='lat' dir='ltr'>ad</span> <span class='ocrx_word' id='word_1_172' title='bbox 1144 1875 1257 1907; x_wconf 89' lang='lat' dir='ltr'>eum</span> <span class='ocrx_word' id='word_1_173' title='bbox 1294 1859 1444 1923; x_wconf 85' lang='lat' dir='ltr'>legati</span> <span class='ocrx_word' id='word_1_174' title='bbox 1481 1859 1671 1924; x_wconf 87' lang='lat' dir='ltr'>Neapo-</span> 
     </span>
     <span class='ocr_line' id='line_1_26' title="bbox 217 1926 1670 1990; baseline -0.001 -16"><span class='ocrx_word' id='word_1_175' title='bbox 217 1927 483 1975; x_wconf 89' lang='lat' dir='ltr'>litanorum</span> <span class='ocrx_word' id='word_1_176' title='bbox 521 1933 783 1989; x_wconf 78' lang='lat' dir='ltr'>venerunt,</span> <span class='ocrx_word' id='word_1_177' title='bbox 821 1934 968 1990; x_wconf 88' lang='lat' dir='ltr'>atque</span> <span class='ocrx_word' id='word_1_178' title='bbox 1003 1926 1132 1986; x_wconf 66' lang='lat' dir='ltr'>inde,</span> <span class='ocrx_word' id='word_1_179' title='bbox 1174 1932 1375 1990; x_wconf 88' lang='lat' dir='ltr'>accepto</span> <span class='ocrx_word' id='word_1_180' title='bbox 1411 1940 1670 1990; x_wconf 76' lang='lat' dir='ltr'>responso,</span> 
     </span>
     <span class='ocr_line' id='line_1_27' title="bbox 217 1990 1671 2056; baseline -0.001 -15"><span class='ocrx_word' id='word_1_181' title='bbox 217 1993 279 2040; x_wconf 91' lang='lat' dir='ltr'>ad</span> <span class='ocrx_word' id='word_1_182' title='bbox 316 2009 403 2041; x_wconf 86' lang='lat' dir='ltr'>sua</span> <span class='ocrx_word' id='word_1_183' title='bbox 439 1993 657 2056; x_wconf 79' lang='lat' dir='ltr'>regressi</span> <span class='ocrx_word' id='word_1_184' title='bbox 694 1998 831 2040; x_wconf 89' lang='lat' dir='ltr'>sunt:</span> <span class='ocrx_word' id='word_1_185' title='bbox 876 1992 941 2039; x_wconf 92' lang='lat' dir='ltr'>ibi</span> <span class='ocrx_word' id='word_1_186' title='bbox 987 1992 1046 2039; x_wconf 87' lang='lat' dir='ltr'>ad</span> <span class='ocrx_word' id='word_1_187' title='bbox 1096 1992 1201 2039; x_wconf 88' lang='lat' dir='ltr'>eius</span> <span class='ocrx_word' id='word_1_188' title='bbox 1248 1990 1474 2039; x_wconf 89' lang='lat' dir='ltr'>notitiam</span> <span class='ocrx_word' id='word_1_189' title='bbox 1509 1992 1671 2056; x_wconf 60' lang='lat' dir='ltr'>perla÷</span> 
     </span>
     <span class='ocr_line' id='line_1_28' title="bbox 216 2056 1668 2122; baseline -0.001 -16"><span class='ocrx_word' id='word_1_190' title='bbox 216 2066 322 2107; x_wconf 87' lang='lat' dir='ltr'>tum</span> <span class='ocrx_word' id='word_1_191' title='bbox 380 2065 457 2106; x_wconf 88' lang='lat' dir='ltr'>est</span> <span class='ocrx_word' id='word_1_192' title='bbox 508 2059 570 2105; x_wconf 93' lang='lat' dir='ltr'>de</span> <span class='ocrx_word' id='word_1_193' title='bbox 620 2059 738 2119; x_wconf 88' lang='lat' dir='ltr'>fuga</span> <span class='ocrx_word' id='word_1_194' title='bbox 786 2072 842 2104; x_wconf 89' lang='lat' dir='ltr'>ac</span> <span class='ocrx_word' id='word_1_195' title='bbox 891 2057 1097 2122; x_wconf 86' lang='lat' dir='ltr'>perfidia</span> <span class='ocrx_word' id='word_1_196' title='bbox 1144 2057 1369 2120; x_wconf 78' lang='lat' dir='ltr'>Aizonis⁷</span> <span class='ocrx_word' id='word_1_197' title='bbox 1421 2056 1668 2120; x_wconf 86' lang='lat' dir='ltr'>quomodo</span> 
     </span>
     <span class='ocr_line' id='line_1_29' title="bbox 217 2122 1668 2188; baseline -0.001 -16"><span class='ocrx_word' id='word_1_198' title='bbox 217 2124 556 2172; x_wconf 89' lang='lat' dir='ltr'>fraudulenter</span> <span class='ocrx_word' id='word_1_199' title='bbox 590 2122 879 2171; x_wconf 83' lang='lat' dir='ltr'>Ausonam²</span> <span class='ocrx_word' id='word_1_200' title='bbox 914 2124 1183 2187; x_wconf 62' lang='lat' dir='ltr'>ingressus,</span> <span class='ocrx_word' id='word_1_201' title='bbox 1222 2131 1272 2172; x_wconf 92' lang='lat' dir='ltr'>et</span> <span class='ocrx_word' id='word_1_202' title='bbox 1307 2139 1334 2170; x_wconf 90' lang='lat' dir='ltr'>a</span> <span class='ocrx_word' id='word_1_203' title='bbox 1369 2123 1554 2188; x_wconf 88' lang='lat' dir='ltr'>populo</span> <span class='ocrx_word' id='word_1_204' title='bbox 1581 2122 1668 2171; x_wconf 86' lang='lat' dir='ltr'>illo</span> 
     </span>
     <span class='ocr_line' id='line_1_30' title="bbox 218 2187 1668 2256; baseline -0.001 -18"><span class='ocrx_word' id='word_1_205' title='bbox 218 2207 365 2256; x_wconf 87' lang='lat' dir='ltr'>quem</span> <span class='ocrx_word' id='word_1_206' title='bbox 401 2191 515 2238; x_wconf 92' lang='lat' dir='ltr'>dolo</span> <span class='ocrx_word' id='word_1_207' title='bbox 561 2189 824 2254; x_wconf 87' lang='lat' dir='ltr'>deceperat</span> <span class='ocrx_word' id='word_1_208' title='bbox 869 2198 1123 2255; x_wconf 75' lang='lat' dir='ltr'>receptus,</span> <span class='ocrx_word' id='word_1_209' title='bbox 1171 2187 1379 2238; x_wconf 78' lang='lat' dir='ltr'>Rotam³</span> <span class='ocrx_word' id='word_1_210' title='bbox 1419 2188 1668 2238; x_wconf 81' lang='lat' dir='ltr'>civita-tem</span> 
     </span>
     <span class='ocr_line' id='line_1_31' title="bbox 215 2254 1732 2320; baseline -0.001 -15"><span class='ocrx_word' id='word_1_211' title='bbox 215 2257 484 2319; x_wconf 75' lang='lat' dir='ltr'>destruxit,</span> <span class='ocrx_word' id='word_1_212' title='bbox 526 2257 730 2304; x_wconf 87' lang='lat' dir='ltr'>castella</span> <span class='ocrx_word' id='word_1_213' title='bbox 771 2256 995 2305; x_wconf 86' lang='lat' dir='ltr'>eiusdem</span> <span class='ocrx_word' id='word_1_214' title='bbox 1031 2256 1247 2320; x_wconf 87' lang='lat' dir='ltr'>regionis</span> <span class='ocrx_word' id='word_1_215' title='bbox 1283 2270 1408 2320; x_wconf 87' lang='lat' dir='ltr'>quae</span> <span class='ocrx_word' id='word_1_216' title='bbox 1447 2254 1667 2304; x_wconf 83' lang='lat' dir='ltr'>firmiora</span> <span class='ocrx_word' id='word_1_217' title='bbox 1730 2299 1732 2302; x_wconf 78' lang='grc'>,</span> 
     </span>
     <span class='ocr_line' id='line_1_32' title="bbox 215 2321 1666 2387; baseline -0.001 -16"><span class='ocrx_word' id='word_1_218' title='bbox 215 2323 508 2372; x_wconf 85' lang='lat' dir='ltr'>videbantur</span> <span class='ocrx_word' id='word_1_219' title='bbox 554 2323 897 2387; x_wconf 74' lang='lat' dir='ltr'>communivit,</span> <span class='ocrx_word' id='word_1_220' title='bbox 954 2324 1206 2387; x_wconf 85' lang='lat' dir='ltr'>missoque</span> <span class='ocrx_word' id='word_1_221' title='bbox 1253 2323 1315 2370; x_wconf 88' lang='lat' dir='ltr'>ad</span> <span class='ocrx_word' id='word_1_222' title='bbox 1367 2321 1666 2370; x_wconf 78' lang='lat' dir='ltr'>Abdiraman</span> 
     </span>
     <span class='ocr_line' id='line_1_33' title="bbox 214 2387 1666 2454; baseline -0.001 -16"><span class='ocrx_word' id='word_1_223' title='bbox 214 2406 386 2454; x_wconf 86' lang='lat' dir='ltr'>regem</span> <span class='ocrx_word' id='word_1_224' title='bbox 409 2391 796 2438; x_wconf 86' lang='lat' dir='ltr'>Sarracenorum</span> <span class='ocrx_word' id='word_1_225' title='bbox 834 2391 985 2438; x_wconf 83' lang='lat' dir='ltr'>fratre</span> <span class='ocrx_word' id='word_1_226' title='bbox 1021 2406 1128 2453; x_wconf 82' lang='lat' dir='ltr'>suo⁷</span> <span class='ocrx_word' id='word_1_227' title='bbox 1163 2388 1398 2436; x_wconf 87' lang='lat' dir='ltr'>auxilium</span> <span class='ocrx_word' id='word_1_228' title='bbox 1422 2387 1552 2453; x_wconf 91' lang='lat' dir='ltr'>quod</span> <span class='ocrx_word' id='word_1_229' title='bbox 1580 2403 1666 2453; x_wconf 87' lang='lat' dir='ltr'>pe-</span> 
     </span>
     <span class='ocr_line' id='line_1_34' title="bbox 217 2486 1665 2538; baseline -0.002 -11"><span class='ocrx_word' id='word_1_230' title='bbox 217 2492 249 2538; x_wconf 93' lang='lat'>1)</span> <span class='ocrx_word' id='word_1_231' title='bbox 275 2492 321 2526; x_wconf 80' lang='lat' dir='ltr'>cl&#39;.</span> <span class='ocrx_word' id='word_1_232' title='bbox 347 2490 523 2527; x_wconf 86' lang='lat' dir='ltr'>Einhardi</span> <span class='ocrx_word' id='word_1_233' title='bbox 548 2490 733 2525; x_wconf 75' lang='lat' dir='ltr'>historiam</span> <span class='ocrx_word' id='word_1_234' title='bbox 761 2491 1002 2526; x_wconf 82' lang='lat' dir='ltr'>translationis</span> <span class='ocrx_word' id='word_1_235' title='bbox 1026 2488 1090 2525; x_wconf 91' lang='lat' dir='ltr'>SS.</span> <span class='ocrx_word' id='word_1_236' title='bbox 1118 2489 1320 2526; x_wconf 83' lang='lat' dir='ltr'>Marcellini</span> <span class='ocrx_word' id='word_1_237' title='bbox 1348 2496 1384 2526; x_wconf 84' lang='lat' dir='ltr'>et</span> <span class='ocrx_word' id='word_1_238' title='bbox 1407 2488 1506 2526; x_wconf 74' lang='lat' dir='ltr'>Petri</span> <span class='ocrx_word' id='word_1_239' title='bbox 1525 2487 1586 2525; x_wconf 79' lang='lat' dir='ltr'>lib.</span> <span class='ocrx_word' id='word_1_240' title='bbox 1602 2486 1665 2524; x_wconf 84' lang='lat' dir='ltr'>lv.</span> 
     </span>
     <span class='ocr_line' id='line_1_35' title="bbox 214 2536 1662 2586; baseline -0.001 -12"><span class='ocrx_word' id='word_1_241' title='bbox 214 2551 292 2575; x_wconf 88' lang='lat' dir='ltr'>nro.</span> <span class='ocrx_word' id='word_1_242' title='bbox 319 2543 378 2578; x_wconf 83' lang='grc'>75.</span> <span class='ocrx_word' id='word_1_243' title='bbox 436 2538 491 2574; x_wconf 87' lang='lat' dir='ltr'>lbi</span> <span class='ocrx_word' id='word_1_244' title='bbox 529 2536 707 2584; x_wconf 81' lang='lat' dir='ltr'>Georgius</span> <span class='ocrx_word' id='word_1_245' title='bbox 743 2538 803 2574; x_wconf 89' lang='lat' dir='ltr'>hic</span> <span class='ocrx_word' id='word_1_246' title='bbox 837 2538 924 2586; x_wconf 83' lang='lat' dir='ltr'>„qui</span> <span class='ocrx_word' id='word_1_247' title='bbox 959 2565 968 2572; x_wconf 89' lang='lat'><strong>.</strong></span> <span class='ocrx_word' id='word_1_248' title='bbox 997 2565 1005 2573; x_wconf 88' lang='lat'><strong>.</strong></span> <span class='ocrx_word' id='word_1_249' title='bbox 1040 2539 1086 2573; x_wconf 90' lang='lat' dir='ltr'>in.</span> <span class='ocrx_word' id='word_1_250' title='bbox 1111 2537 1273 2586; x_wconf 83' lang='lat' dir='ltr'>Aquensi</span> <span class='ocrx_word' id='word_1_251' title='bbox 1308 2538 1440 2585; x_wconf 75' lang='lat' dir='ltr'>palatio</span> <span class='ocrx_word' id='word_1_252' title='bbox 1477 2544 1662 2584; x_wconf 66' lang='lat' dir='ltr'>organum,</span> 
     </span>
     <span class='ocr_line' id='line_1_36' title="bbox 215 2587 1664 2636; baseline -0.001 -13"><span class='ocrx_word' id='word_1_253' title='bbox 215 2588 311 2636; x_wconf 86' lang='lat' dir='ltr'>quod</span> <span class='ocrx_word' id='word_1_254' title='bbox 336 2598 466 2634; x_wconf 74' lang='lat' dir='ltr'>graece</span> <span class='ocrx_word' id='word_1_255' title='bbox 490 2587 697 2633; x_wconf 82' lang='lat' dir='ltr'>hydraulica</span> <span class='ocrx_word' id='word_1_256' title='bbox 722 2592 890 2629; x_wconf 82' lang='lat' dir='ltr'>vocatur,</span> <span class='ocrx_word' id='word_1_257' title='bbox 917 2587 1065 2622; x_wconf 82' lang='lat' dir='ltr'>mirifica</span> <span class='ocrx_word' id='word_1_258' title='bbox 1092 2592 1168 2621; x_wconf 79' lang='lat' dir='ltr'>arte</span> <span class='ocrx_word' id='word_1_259' title='bbox 1196 2587 1424 2633; x_wconf 64' lang='grc' dir='ltr'>σατυρικῶν·</span> <span class='ocrx_word' id='word_1_260' title='bbox 1448 2591 1664 2632; x_wconf 73' lang='lat' dir='ltr'>postea-re—</span> 
     </span>
     <span class='ocr_line' id='line_1_37' title="bbox 214 2632 1663 2673; baseline -0.003 -1"><span class='ocrx_word' id='word_1_261' title='bbox 214 2642 293 2672; x_wconf 85' lang='lat' dir='ltr'>ctor</span> <span class='ocrx_word' id='word_1_262' title='bbox 318 2635 526 2671; x_wconf 82' lang='lat' dir='ltr'>monasterii</span> <span class='ocrx_word' id='word_1_263' title='bbox 552 2634 590 2669; x_wconf 95' lang='lat' dir='ltr'>S.</span> <span class='ocrx_word' id='word_1_264' title='bbox 613 2633 723 2670; x_wconf 83' lang='lat' dir='ltr'>Salvii</span> <span class='ocrx_word' id='word_1_265' title='bbox 751 2635 788 2670; x_wconf 89' lang='lat' dir='ltr'>in</span> <span class='ocrx_word' id='word_1_266' title='bbox 814 2635 894 2670; x_wconf 85' lang='lat' dir='ltr'>vico</span> <span class='ocrx_word' id='word_1_267' title='bbox 917 2634 1142 2671; x_wconf 77' lang='lat' dir='ltr'>Valentianis</span> <span class='ocrx_word' id='word_1_268' title='bbox 1163 2636 1377 2672; x_wconf 75' lang='lat' dir='ltr'>constitutus</span> <span class='ocrx_word' id='word_1_269' title='bbox 1397 2645 1476 2673; x_wconf 68' lang='lat' dir='ltr'>em</span> <span class='ocrx_word' id='word_1_270' title='bbox 1498 2632 1663 2669; x_wconf 69' lang='lat' dir='ltr'>traditur.</span> 
     </span>
    </p>
   </div>
   <div class='ocr_carea' id='block_1_3' title="bbox 214 2678 1661 2769">
    <p class='ocr_par' dir='ltr' id='par_1_3' title="bbox 214 2678 1661 2769">
     <span class='ocr_line' id='line_1_38' title="bbox 214 2678 1661 2728; baseline -0.001 -11"><span class='ocrx_word' id='word_1_271' title='bbox 214 2684 248 2728; x_wconf 84' lang='lat'>2)</span> <span class='ocrx_word' id='word_1_272' title='bbox 275 2683 385 2719; x_wconf 87' lang='lat' dir='ltr'>Vicus</span> <span class='ocrx_word' id='word_1_273' title='bbox 409 2682 656 2726; x_wconf 63' lang='lat' dir='ltr'>Ausonensh,</span> <span class='ocrx_word' id='word_1_274' title='bbox 700 2683 779 2719; x_wconf 67' lang='lat' dir='ltr'>Vz&#39;clt</span> <span class='ocrx_word' id='word_1_275' title='bbox 804 2683 931 2718; x_wconf 81' lang='lat' dir='ltr'>dictus.</span> <span class='ocrx_word' id='word_1_276' title='bbox 1030 2682 1064 2728; x_wconf 89' lang='lat'>3)</span> <span class='ocrx_word' id='word_1_277' title='bbox 1098 2682 1198 2718; x_wconf 81' lang='lat' dir='ltr'>Roda</span> <span class='ocrx_word' id='word_1_278' title='bbox 1235 2683 1279 2718; x_wconf 83' lang='lat' dir='ltr'>ad</span> <span class='ocrx_word' id='word_1_279' title='bbox 1313 2682 1461 2719; x_wconf 83' lang='lat' dir='ltr'>fluvium</span> <span class='ocrx_word' id='word_1_280' title='bbox 1487 2678 1582 2723; x_wconf 88' lang='lat' dir='ltr'>Ter,</span> <span class='ocrx_word' id='word_1_281' title='bbox 1616 2680 1661 2716; x_wconf 74' lang='lat' dir='ltr'>ab</span> 
     </span>
     <span class='ocr_line' id='line_1_39' title="bbox 214 2730 1031 2769; baseline 0 -2"><span class='ocrx_word' id='word_1_282' title='bbox 214 2732 401 2768; x_wconf 85' lang='lat' dir='ltr'>occidente</span> <span class='ocrx_word' id='word_1_283' title='bbox 427 2730 630 2769; x_wconf 78' lang='lat' dir='ltr'>Gemndae.</span> <span class='ocrx_word' id='word_1_284' title='bbox 1023 2741 1031 2746; x_wconf 86' lang='lat'><strong>·</strong></span> 
     </span>
    </p>
   </div>
  </div>
 </body>
</html>
