1754 3120
616 215 668 262 A.
705 215 818 263 807.
855 213 967 263 808.
1459 218 1523 263 55

66 335 283 386 tutione
346 335 507 383 soluta
570 335 1048 400 Constantinopolim
1110 350 1370 397 negressus
1431 345 1520 384 est.

72 403 179 454 Hm
217 418 346 450 anno
391 401 661 465 imperator
696 401 876 465 pascha
912 402 1064 466 Aquis
1111 401 1378 451 celebravit
1413 418 1522 450 nec-

0 485 2 491 ·
70 484 169 519 mn
206 474 259 516 et
292 467 506 516 natalem
540 466 750 514 Domini.

171 533 284 584 8⁰8.
333 533 539 597 Hiemps
584 531 877 579 mollissima
912 533 1028 580 hac·
1073 534 1308 597 pestilens
1346 535 1436 583 fuit
1472 535 1520 583 in

0 611 4 617 '
70 602 451 664 ilbi-tompore,
497 613 709 663 vereque
744 598 1005 647 inchoante
1041 599 1309 663 impeiator
1344 602 1521 650 Novio-

64 672 271 731 βψω
332 665 611 730 profectus,
676 672 926 713 transacto
991 665 1057 713 ibi
1109 666 1521 741 quadiagesimali

0 726 42 781 Ρ
60 728 266 795 mio,
294 730 542 780 celebrato
562 732 708 779 etiam
736 739 904 780 sancto
931 720 1130 796 pascha,
1161 734 1338 781 iterum
1360 735 1521 797 Aquas

66 812 330 864 mestis
376 804 465 847 est.
546 798 607 847 Et
650 799 762 863 quia
798 798 1144 861 nunciabatur,
1193 799 1519 848 Godofridum

0 782 14 980 i
190 881 240 914 m
275 865 526 914 Danorum
572 865 622 912 in
658 864 921 913 Abodritos
967 882 1079 913 cum
1126 867 1340 914 exeicitu
1377 867 1520 915 traie-

66 932 220 996 cisse,
271 931 477 981 Kal-lum
511 929 667 978 filium
702 947 848 979 suum
885 931 945 979 ad
982 932 1175 979 Albiam
1214 949 1325 980 cum
1360 934 1520 981 valida

0 1045 2 1051 ,
66 999 373 1048 Francorum
393 1005 444 1046 et
465 997 718 1046 Saxonum
742 1014 891 1046 manu
917 999 1066 1062 misit
1103 999 1277 1046 iubens
1304 1015 1519 1047 vaesano

62 1065 465 1130 &resistere
510 1065 552 1112 si
589 1064 834 1112 Saxoniae
880 1066 1119 1122 terminos
1154 1066 1359 1140 adgredi
1397 1073 1518 1113 tem-

10 1138 242 1258 Ψ
324 1130 423 1180 Sed
459 1130 543 1178 ille
579 1131 771 1179 stativis
806 1147 896 1196 per
930 1131 1115 1203 aliquot
1151 1132 1255 1180 dies
1291 1133 1337 1179 in
1376 1132 1518 1181 litore

204 1213 272 1261 ιε,
323 1197 616 1263 expugnatis
654 1198 802 1246 etiam
848 1206 898 1246 et
943 1215 1092 1246 manu
1124 1198 1290 1273 ’captis
1337 1200 1521 1263 aliquot

64 1255 357 1321 &aarum
384 1265 626 1326 castellis
662 1281 774 1312 cum
806 1281 988 1328 magno
1025 1266 1279 1330 copiarum
1317 1282 1517 1314 suarum

64 1329 364 1380 detrimento
406 1346 638 1378 reversus
687 1339 778 1379 est.
862 1333 984 1379 Nam
1039 1332 1152 1380 licet
1196 1332 1516 1396 Drasconem

37 1396 246 1446 ducem
278 1396 659 1458 Abodritorum‚
711 1398 1022 1462 popularium
1059 1398 1171 1446 fidei
1209 1371 1517 1447 diffidenteni

64 1463 175 1512 loco
218 1464 515 1529 pepulisset,
560 1463 914 1526 Godelaibum,
958 1464 1109 1512 alium
1145 1465 1349 1527 ducem
1401 1466 1515 1513 dolo

64 1536 264 1595 captum
309 1530 530 1595 patibulo
577 1531 944 1594 suspendisset
994 1531 1343 1578 Abodritorum
1391 1531 1515 1580 duas

62 1603 232 1712 mortes
265 1595 359 1644 sibi
394 1596 663 1658 vectigales
700 1596 923 1659 fecisset
970 1598 1185 1673 optimos
1222 1605 1387 1645 tamen
1425 1599 1515 1646 rni-

0 1633 20 1772 ι
155 1678 206 1711 ιιι
249 1678 453 1711 suorum
501 1670 550 1710 et
593 1679 740 1711 manu
787 1664 1186 1739 promptissimos
1222 1665 1413 1726 amisit
1467 1673 1517 1713 et

0 1772 7 1782 „
63 1743 176 1778 cum
223 1728 296 1777 eis
341 1728 499 1776 filium
543 1730 706 1777 fratris
753 1730 853 1793 sui,
918 1731 1117 1778 nomine
1169 1732 1514 1795 Reginoldum‚

63 1794 146 1860 qui
181 1794 231 1842 in
266 1794 633 1860 obpugnatione
660 1796 914 1844 cuiusdam
950 1797 1115 1861 oppidi
1141 1814 1251 1845 cum
1290 1798 1514 1862 plurimis

63 1861 315 1910 Danorum
349 1860 647 1926 primoribus
683 1862 966 1911 interfectus
1003 1871 1092 1911 est.
1162 1864 1311 1911 Filius
1348 1872 1514 1911 autem

1 1979 8 1993 ‚
62 1927 379 1993 imperatoris
421 1929 600 1975 Karlus
635 1928 828 1976 Albiam
876 1936 1025 1993 ponte
1061 1931 1242 1991 iunxit
1293 1938 1340 1978 et
1377 1946 1515 1978 exer-

0 1999 7 2009 “’
62 1994 212 2044 citum
247 1994 323 2043 cui
359 2002 589 2059 praeerat
623 1994 671 2041 in
708 1995 919 2043 Linones
956 2004 1006 2044 et
1042 1995 1405 2060 Smeldingos¹
1433 1997 1513 2060 qui

16 2085 18 2090 ·
61 2067 112 2110 et
155 2060 250 2136 ipsi
296 2060 359 2108 ad
402 2060 730 2109 Godofridum
767 2077 938 2136 regem
978 2062 1288 2126 defecerant,
1336 2071 1513 2137 quanta

60 2126 223 2192 potuit
266 2126 517 2175 celeritate
565 2129 890 2201 transposuit
928 2130 1273 2204 populatisque
1309 2130 1514 2177 circum-

61 2208 255 2269 quaque
287 2209 460 2241 eorum
496 2209 654 2256 agris,
691 2194 895 2242 transito
933 2197 1110 2243 iterum
1143 2195 1363 2269 flumine,
1401 2212 1512 2243 cum

61 2259 295 2308 incolomi
339 2262 554 2308 exercitu
598 2260 647 2307 in
694 2260 958 2308 Saxoniam
1007 2277 1060 2309 se
1095 2261 1294 2326 recepit
1364 2262 1514 2308 Erant

62 2341 176 2375 mm
210 2325 480 2375 Godofrido
515 2327 563 2373 in
600 2326 909 2392 expeditione
945 2327 1194 2402 piaedicta
1231 2326 1391 2374 Sclavi
1431 2327 1512 2402 qui

62 2392 290 2441 dicuntur
332 2392 525 2454 wiltzi,
577 2410 658 2456 qui
711 2402 913 2459 propter
961 2394 1185 2457 antiquas
1233 2392 1513 2442 inimicitias

62 2475 186 2524 quas
237 2475 350 2507 cum
396 2458 641 2507 Abodritis
699 2460 881 2508 habere
934 2460 1183 2523 solebant,
1236 2467 1412 2524 sponte
1458 2477 1512 2508 se

62 2525 216 2591 copiis
252 2525 358 2573 eius
394 2525 776 2590 coniunxerunt
813 2527 1017 2601 ipsoque
1054 2527 1100 2574 in
1139 2542 1347 2588 regnum
1368 2543 1510 2573 suum

22 2592 25 2593 ⁷
62 2599 369 2655 revertente
418 2607 528 2639 cum
564 2592 745 2657 praeda
782 2609 929 2657 quam
965 2593 1013 2640 in
1051 2593 1297 2641 Abodritis
1334 2608 1511 2656 capere

61 2693 150 2778 ἒξ
173 2704 229 2730 ac.
399 2699 478 2729 nter
511 2692 606 2728 Wizl
589 2705 650 2728 zos
686 2700 723 2730 et
755 2693 880 2730 Abodr
882 2695 950 2730 ἰιιο
984 2695 1076 2730 urlta
1114 2693 1218 2776 Al'bia
1201 2706 1256 2728 am
1293 2693 1374 2728 habi
1379 2693 1511 2735 tabant,

90 2740 260 2789 meldingi
275 2693 405 2778 »tibi-'e
431 2754 473 2790 pr
475 2754 534 2788 opi
527 2742 619 2777 'sore
669 2743 714 2778 cs.
729 2742 863 2779 Clu-oni
854 2744 899 2779 ici
926 2741 1058 2779 Gouwi
1050 2755 1147 2778 iscen
1165 2740 1254 2776 srl‘
1256 2742 1333 2776 odr.
1360 2740 1405 2777 ll.
1430 2743 1510 2781 660.
