1754 3120
269 256 298 302 4
664 253 964 303 EINHARDI
1002 254 1288 303 ANNALES

271 376 330 424 nd
381 375 669 424 Zachariam
717 391 925 441 papam,
982 382 1037 425 ut
1079 376 1406 425 consulerem
1431 375 1719 442 pontificem

271 444 331 491 de
368 459 514 491 causa
540 456 732 507 regum,
769 443 849 506 qui
886 442 970 491 itto
1007 449 1231 509 tempore
1266 441 1548 493 fuer-unuin
1566 444 1716 493 Fran-

272 511 370 571 cia,
407 508 489 573 qui
526 523 707 556 nomen
743 517 934 557 tantum
970 509 1118 575 regiS‚
1156 509 1244 558 sed
1281 509 1467 558 nullam
1502 516 1717 576 potesta-

271 584 372 624 tem
410 574 598 638 regiam
634 574 938 639 habuerunt3
992 592 1081 641 per
1127 592 1250 641 quos
1285 572 1718 642 praedictuspon-

272 643 390 692 tifex
437 641 713 705 mandavit,
759 642 937 690 melius
983 658 1095 691 esse
1142 643 1283 689 illum
1328 642 1492 691 vocari
1528 657 1718 706 regem,

270 709 399 774 apud
436 724 583 772 quem
618 723 813 755 summa
849 707 1108 772 potestatis
1143 706 1466 770 consistet-eu
1510 708 1721 773 dataque

271 776 562 824 auctoritate
597 790 703 838 sua,
739 773 882 822 iussit
911 773 1170 839 Pippinum
1205 789 1378 837 regem
1408 774 1653 824 constitui.

369 842 479 890 750.
534 841 639 888 Hoc
692 857 820 888 anno
885 841 1157 889 secundum
1209 841 1422 898 Romani
1474 838 1719 907 pontificis

270 907 575 956 sanctionem
602 907 834 972 Pippinus
870 923 957 955 rex
980 907 1279 956 Francorum
1314 907 1591 972 appellatus
1616 914 1718 970 cst,

271 983 318 1024 et
365 974 425 1021 ad
473 973 619 1022 huius
663 974 956 1037 dignitatem
999 974 1201 1022 honoris
1246 981 1420 1024 unctus
1455 989 1596 1023 sacra
1629 989 1718 1022 un-

270 1042 428 1090 ctione
475 1057 621 1088 manu
665 1047 865 1088 sanctae
906 1040 1177 1089 memoriae
1212 1040 1443 1089 Bonifatii
1478 1039 1718 1106 archiepi-

268 1108 403 1173 scopi
441 1116 490 1156 et
526 1107 767 1171 martiris⁷
820 1115 868 1155 et
903 1123 1042 1155 more
1077 1108 1379 1156 Francorum
1413 1107 1636 1156 elevatus
1669 1106 1720 1154 in

269 1175 450 1223 solium
510 1174 679 1238 regni,
739 1175 787 1222 in
839 1174 1033 1223 civitate
1090 1174 1355 1223 Suessona.
1441 1173 1719 1223 Hildericus

269 1257 414 1304 vero⁷
469 1241 550 1305 qui
598 1241 724 1288 falso
772 1241 906 1304 regis
950 1241 1149 1289 nomine
1201 1239 1720 1304 fungebaturstonso

268 1307 425 1373 capite
461 1307 511 1354 in
547 1307 902 1355 monasterium
944 1308 1126 1356 missus
1161 1314 1251 1355 est.

370 1372 482 1421 753.
519 1373 624 1420 Hoc
652 1389 780 1421 anno
800 1373 1034 1438 Pippinus
1054 1390 1138 1421 rex
1158 1389 1271 1420 cum
1293 1371 1510 1420 exercitu
1536 1386 1720 1435 magno

269 1439 535 1488 Saxoniam
582 1440 836 1503 ingressus
879 1447 982 1502 est,
1036 1448 1085 1488 et
1132 1440 1356 1503 quamvis
1409 1438 1632 1487 Saxones
1672 1438 1719 1486 ei

269 1505 657 1555 obstinatissime
703 1505 1020 1569 resisterent,
1066 1506 1194 1571 pulsi
1236 1514 1401 1555 tamen
1446 1511 1719 1568 cesserunt,

269 1580 318 1621 et
355 1573 459 1638 ipse
496 1588 652 1636 usque
688 1573 750 1621 ad
786 1573 950 1621 locum
986 1573 1067 1637 qui
1103 1571 1281 1621 dicitur
1317 1570 1488 1635 Rimi1‚
1515 1570 1608 1636 qui
1642 1579 1721 1622 est

270 1655 419 1705 super
453 1638 658 1687 fluvium
694 1639 969 1703 Wisuram⁷
1009 1639 1230 1688 accessit.
1299 1638 1355 1686 In
1390 1654 1486 1702 qua
1520 1637 1719 1703 expedi-

270 1706 402 1756 tione
428 1705 730 1769 Hildigarius
766 1704 1194 1772 archiepiscopus²
1227 1704 1514 1754 interfectus
1541 1712 1634 1768 est,
1670 1704 1719 1753 in

269 1779 439 1821 monte
483 1773 565 1837 qui
607 1773 780 1821 dicitur
822 1771 1051 1836 luburg³.
1131 1772 1414 1821 Revertenti
1458 1786 1577 1820 vero
1612 1771 1720 1834 regi

269 1840 331 1888 de
357 1839 569 1887 Saxonia
605 1839 805 1887 nuntius
842 1839 978 1889 venit
1010 1839 1072 1887 de
1109 1846 1268 1888 morte
1303 1836 1470 1887 fratris
1505 1836 1581 1888 sui
1605 1836 1719 1889 Gri-

270 1905 476 1971 phonis,
521 1912 572 1953 et
619 1922 647 1954 a
695 1922 790 1970 quo
834 1907 915 1954 vel
962 1904 1172 1970 qualiter
1207 1903 1718 1958 fuisset'intert'ectus.

269 1972 454 2021 Eodem
503 1988 631 2019 anno
679 1971 960 2035 Stephanus
1006 1987 1134 2036 papa
1181 1970 1316 2019 venit
1361 1969 1424 2018 ad
1458 1969 1721 2035 pippinum

270 2054 442 2101 regem
474 2038 524 2085 in
550 2038 667 2086 villa
697 2053 823 2102 quae
858 2045 1062 2087 vocatur
1083 2033 1405 2100 carisiacus⁴‚
1442 2051 1720 2100 suggerens

270 2105 342 2168 ei,
392 2111 446 2152 ut
492 2120 547 2152 se
596 2112 646 2153 et
682 2104 955 2153 Romanam
1003 2104 1263 2153 ecclesiam
1312 2103 1378 2154 ab.
1406 2102 1720 2157 infestatione

269 2170 707 2234 Langobardorum
744 2171 1044 2220 defenderet.
1114 2171 1257 2219 Venit
1291 2178 1340 2219 et
1357 2169 1720 2222 Karlomannus

270 2239 424 2286 frater
458 2237 617 2301 regis,
666 2237 765 2286 iam
811 2239 1082 2287 monachus
1118 2237 1302 2300 factus,
1355 2235 1493 2285 iussu
1527 2235 1720 2289 abbatis

271 2304 370 2367 sui,
421 2311 472 2352 ut
507 2303 636 2369 apud
671 2305 876 2353 fratrem
913 2321 1058 2352 suum
1093 2303 1322 2368 precibus
1354 2301 1566 2352 Romani
1598 2317 1720 2368 pon-

270 2371 414 2420 tificis
439 2369 726 2431 obsisteret3
763 2371 945 2419 invitus
979 2378 1145 2418 tamen
1170 2370 1265 2418 hoc
1300 2369 1476 2418 fecisse
1506 2375 1721 2434 putatur,

272 2436 383 2501 quia
426 2452 517 2484 nec
562 2436 644 2484 itte
681 2436 872 2486 abbatis
920 2436 993 2485 sui
1030 2437 1164 2485 iussa
1199 2443 1576 2501 contempnere,
1623 2451 1722 2486 ,nec

272 2502 423 2550 abbas
461 2503 543 2550 ille
579 2503 855 2568 praeceptis
891 2503 1023 2566 regis
1058 2501 1523 2567 Langobardorum,
1559 2502 1642 2569 qui
1675 2501 1720 2550 ei

270 2570 365 2618 hoc
403 2569 688 2634 imperavit,
726 2569 936 2618 audebat
969 2569 1215 2618 resistere.

369 2636 483 2684 754.
519 2635 800 2701 Stephanus
838 2652 964 2702 papa
1000 2643 1263 2702 postquam
1298 2651 1326 2684 a
1361 2644 1483 2698 rege
1515 2632 1721 2698 Pippino

274 2725 307 2770 1)
333 2725 472 2761 Romen
496 2737 603 2772 supra
629 2725 802 2763 Mindam.
910 2723 947 2772 2)
974 2723 1213 2761 Coloniensis.
1249 2733 1251 2735 ’
1320 2722 1355 2771 3)
1380 2722 1491 2770 lhurg
1519 2718 1565 2759 in'
1581 2715 1724 2770 princi&

270 2780 353 2819 patu
382 2773 667 2820 osnabrugensi.
766 2774 799 2820 A)
827 2773 958 2820 Kiersy
983 2774 1027 2808 ad
1054 2772 1217 2810 lsseram.
