1754 3120
235 187 302 238 38
647 186 947 235 ElNHARDl
984 186 1272 236 ANNALES

237 308 386 356 etiam
408 307 700 355 universalis
736 314 812 355 est
847 306 1110 372 appellata,
1146 313 1200 354 ut
1228 321 1319 354 nec
1352 307 1561 374 septima
1595 323 1688 357 nec

238 374 530 423 universalis
574 372 840 422 haberetur
882 372 1214 435 dicereturve,
1263 373 1403 438 quasi
1432 388 1688 440 superva-

239 456 329 489 cua
365 440 412 487 in
449 444 633 502 totum,
679 439 740 488 ab
788 437 1016 488 omnibus
1060 439 1284 488 abdicata
1330 446 1418 488 est.
1497 441 1688 491 Mortua

240 514 316 554 est
362 505 427 553 ibi
482 513 532 554 et
574 506 808 556 Fastrada
853 506 1052 571 regina,
1106 514 1155 555 et
1206 504 1524 570 Mogontiaci·
1556 506 1688 573 apud

239 579 465 621 sanctum
500 572 744 620 Albanum
782 571 1022 637 sepulta¹.
1103 571 1292 632 Quibus
1328 573 1689 638 peractis,er

241 638 470 706 bipertito
490 639 707 688 exercitu
731 639 996 686 Saxoniam
1034 647 1203 703 petere
1240 639 1427 703 statuit,
1463 655 1523 688 eo
1554 637 1690 687 vide·

240 705 355 754 licet
397 705 574 769 modo,
631 712 683 754 ut
729 704 836 769 ipse
880 719 991 752 cum
1026 703 1228 751 dimidia
1263 706 1691 772 parte>=copiarum

240 771 300 819 ab
338 771 538 819 australi
585 778 725 835 parte
769 770 999 835 intraret,
1051 771 1231 820 Karlus
1266 785 1385 819 vero
1418 770 1551 834 filius
1585 771 1692 820 eius

241 853 352 887 cum
399 838 494 885 alia
539 837 806 885 medietate
851 837 1075 886 Rhenum
1118 837 1247 903 apud
1286 837 1691 900 Coloniamtrai-

241 912 401 968 ceret,
452 912 501 952 et
542 903 591 951 in
637 903 847 952 eandem
883 905 1138 968 regionem
1176 903 1236 951 ab
1273 904 1525 954 occidente
1555 904 1694 958 veni-

241 978 329 1019 ret.
400 972 508 1030 Quo
547 971 691 1034 facto,
728 970 842 1019 licet
877 971 1098 1020 Saxones
1134 971 1182 1018 in
1219 986 1395 1036 campo
1429 967 1694 1036 quiSinot-

243 1036 376 1085 fe1d2
422 1045 649 1101 vocatur,
696 1038 832 1103 quasi
877 1038 1124 1104 proelium
1162 1053 1272 1085 cum
1308 1052 1428 1102 rege
1463 1037 1694 1087 commis·-

242 1104 343 1153 suri
371 1105 728 1169 consedissent,
765 1105 927 1169 ibique
964 1105 1232 1153 adventum
1268 1104 1372 1153 eius
1408 1103 1694 1171 opperiren-

242 1178 348 1234 tur,
397 1171 582 1220 amissa
629 1171 864 1219 vIctoriae
907 1187 1021 1237 spe,
1071 1187 1218 1236 quam
1263 1171 1355 1220 sibi
1395 1171 1543 1236 paulo
1579 1177 1695 1219 ante

244 1238 371 1285 falso
406 1237 788 1302 pollicebantur,
826 1238 887 1286 ad
924 1238 1225 1287 deditionem
1260 1252 1434 1286 omnes
1470 1237 1696 1286 conversi

244 1311 383 1367 sunt,
419 1304 631 1368 victique
667 1304 773 1352 sine
808 1306 1023 1368 proelio,
1060 1305 1193 1368 regis
1228 1304 1428 1354 victoris
1461 1304 1697 1370 potestati

244 1386 300 1419 se
335 1370 673 1418 subdiderunt.
758 1371 1009 1419 Dederunt
1043 1371 1191 1434 igitur
1225 1370 1449 1435 obsides,
1486 1377 1535 1419 et
1567 1370 1698 1419 iure·

244 1437 450 1484 iurando
495 1437 645 1485 fidem
691 1453 746 1485 se
790 1438 896 1503 regi
946 1454 1146 1487 servare
1181 1438 1310 1486 velle
1346 1436 1698 1503 promiserunt.

246 1502 328 1552 Sic
380 1503 565 1551 omisso
615 1504 832 1568 proelio,
884 1511 934 1553 et
986 1505 1208 1554 Saxones
1260 1505 1464 1552 domum
1511 1503 1699 1552 reversi

245 1577 384 1634 sunt,
422 1577 472 1618 et
506 1585 622 1634 rex,
659 1570 952 1618 transmisso
989 1571 1177 1633 Rheno,
1215 1570 1262 1617 in
1286 1571 1498 1619 Galliam
1533 1585 1589 1618 se
1623 1585 1701 1618 re·

246 1636 400 1702 cepit,
436 1645 485 1686 et
520 1652 632 1684 cum
655 1637 963 1701 Aquasgrani
997 1637 1231 1700 venisset,
1268 1635 1452 1684 ibidem
1481 1634 1702 1684 hibernis

246 1703 457 1767 habitis,
510 1710 560 1751 et
606 1705 824 1752 natalem
859 1704 1056 1751 Domini
1102 1710 1151 1750 et
1198 1703 1383 1767 pascha
1416 1701 1699 1751 celebravit.

314 1795 426 1843 795.
488 1795 798 1859 Quamquam
843 1794 1067 1842 Saxones
1104 1800 1293 1842 aestate
1338 1792 1607 1858 praeterita
1653 1799 1704 1841 et

248 1859 447 1908 obsides
494 1860 775 1924 dedissent,
831 1867 880 1909 et
924 1860 1196 1909 secundum
1241 1859 1372 1925 quod
1407 1858 1527 1909 iussi
1563 1865 1705 1908 erant

249 1934 557 1975 sacramenta
595 1927 864 1988 iurassent,
909 1943 996 1975 rex
1031 1938 1196 1975 tamen
1233 1926 1430 1974 illorum
1466 1924 1702 1990 perfidiae

250 2011 346 2042 non
383 1994 643 2055 inmemor,
680 2001 979 2040 conventum
1004 1993 1291 2056 generalem
1318 1998 1453 2040 trans
1474 1991 1703 2040 Rhenum

249 2061 297 2108 in
348 2059 462 2107 villa
515 2057 858 2123 Cuffesstein3,
906 2075 1031 2124 quae
1079 2075 1227 2124 super
1262 2059 1497 2107 Moenum
1531 2065 1703 2107 contra

250 2125 615 2190 Mogontiacum
639 2126 813 2174 urbem
850 2125 941 2174 sita
978 2133 1072 2188 est,
1107 2141 1247 2174 more
1271 2124 1480 2173 solemni
1514 2124 1704 2189 habuit,

251 2201 395 2258 atque
431 2192 544 2241 inde
580 2209 693 2241 cum
729 2193 945 2242 exercitu
967 2193 1233 2241 Saxoniam
1269 2192 1541 2255 ingressus,
1576 2207 1704 2257 pene

251 2267 408 2309 totam
453 2259 735 2325 populando
784 2260 1080 2326 peragravit.
1163 2260 1383 2323 Cumque
1426 2257 1476 2306 in
1520 2255 1704 2323 pagum

250 2325 531 2390 Bardengoi
565 2326 890 2391 pervenisset,
927 2333 977 2375 et
1012 2326 1147 2375 iuxta
1180 2325 1343 2373 locum
1381 2323 1461 2390 qui
1487 2321 1704 2373 Barde'n·

253 2390 377 2442 wih4
421 2400 624 2441 vocatur
670 2394 844 2458 positis
881 2393 1085 2456 castris,
1131 2390 1448 2455 Sclavorum,
1483 2406 1607 2456 quos
1642 2390 1704 2440 ad

254 2475 308 2508 se
343 2459 512 2508 venire
547 2459 789 2523 iusserat,
827 2466 1110 2526 expectaret
1138 2458 1424 2523 adventum,
1459 2456 1621 2509 'subito
1658 2457 1704 2507 ei

257 2572 289 2619 1)
313 2570 544 2659 Egitaphium
559 2600 567 2614 ‚
593 2573 690 2620 quod
715 2573 825 2609 hodie
851 2573 902 2608 ibi
926 2572 1169 2619 conspicitur,
1198 2572 1380 2608 recentius
1402 2576 1470 2608 eet.
1540 2569 1576 2618 2)
1601 2580 1708 2606 oani-

254 2632 320 2668 pus
375 2621 518 2658 endseld
543 2633 656 2668 prope
679 2621 960 2668 Wunnenberg,
997 2633 1017 2656 a
1044 2622 1195 2658 meridie
1219 2619 1473 2658 paderbornae
1494 2623 1532 2655 et
1554 2624 1709 2665 septen-

255 2671 373 2706 trione
397 2668 613 2716 Eresburgi;
646 2670 692 2706 cl'.
727 2669 997 2717 Furstcnbergii
1029 2669 1128 2706 Mon.
1162 2669 1250 2706 Pad.
1284 2681 1320 2718 p.
1352 2669 1431 2708 18⁵.
1529 2666 1564 2715 3)
1589 2667 1707 2704 Kon-

256 2719 364 2755 heim.
472 2717 506 2764 4)
533 2715 722 2754 Bardowik
748 2730 860 2765 prope
885 2717 1091 2764 Liineburg.
