1754 3120
271 165 335 215 28
682 163 984 213 ElNHARDl
1019 164 1309 214 ANNALES

269 292 521 335 auctorem
584 283 895 332 Hardradum
947 285 1180 333 comitem
1239 284 1393 334 fuisse
1441 285 1716 337 constabat.

269 352 370 403 Sed
392 350 538 399 huius
558 349 791 398 indicium
827 351 921 399 cito
949 350 1011 398 ad
1042 365 1212 415 regem
1236 350 1454 400 delatum
1471 360 1565 418 est,
1590 351 1720 402 eius-

270 434 365 484 que
411 415 631 465 sollertia
683 424 784 465 tam
839 416 1000 465 valida
1053 417 1351 483 conspiratio
1397 417 1518 468 citra
1562 418 1719 468 ullum

269 483 458 548 grande
504 483 777 547 periculum
825 483 873 531 in
919 482 1055 532 brevi
1090 484 1395 549 conquievit,
1440 485 1718 535 auctoelbus

270 551 375 599 eius
412 549 591 615 partim
627 549 902 614 privatione
938 550 1203 614 luminum,
1254 550 1432 616 partim
1469 549 1717 600 exiliivltle·

269 617 547 682 portatione
582 616 935 664 condemnatis„

367 681 478 732 786.
532 683 655 730 Cum
692 689 741 729 et
774 681 952 730 hiemis
988 687 1185 745 tempus
1221 682 1488 746 expletum,
1521 687 1573 730 et
1607 698 1719 731 san-

269 757 403 799 ctum
438 749 620 813 pascha
657 747 707 795 in
740 746 981 796 Attiniaco
1017 747 1133 794 villa
1169 747 1343 796 fuisset
1377 763 1406 796 a
1438 763 1559 812 rege
1593 749 1722 798 cele-

304 822 490 876 ratum,
526 814 791 863 exercitum
830 813 878 861 in
903 813 1227 862 Brittanniam
1262 813 1577 863 cismarinam
1610 816 1720 865 mit-

261 809 375 996 ἐπε
409 880 676 930 constituit.
746 881 872 929 Nam
907 895 1021 928 cum
1056 880 1117 928 ab
1143 881 1314 943 Anglis
1352 896 1409 929 ac
1443 879 1720 931 saxonibus

260 974 266 984 ·
310 947 542 997 rittannia
575 947 734 996 insula
772 946 947 996 fuisset
982 946 1175 1010 invasa⁷
1222 962 1404 1010 magna
1437 962 1555 1012 pars
1588 948 1721 996 inco-

260 1014 430 1074 ·,larum
466 1013 570 1061 eius
606 1028 743 1062 mare
779 1013 1036 1076 traicienS‚
1085 1014 1132 1061 in
1168 1013 1354 1063 ultimis
1390 1013 1720 1063 Galliaefini-

260 1075 360 1149 ¹bus
397 1081 695 1128 Venetorum
732 1087 782 1129 et
817 1080 1223 1130 Coriosolitarum
1249 1080 1478 1144 regiones
1513 1093 1720 1145 occupa-

261 1148 350 1197 lvit.
432 1147 479 1194 Is
514 1148 726 1212 populus
763 1163 790 1194 a
825 1147 1025 1210 regibus
1061 1147 1360 1195 Francorum
1396 1145 1629 1195 subactus
1665 1161 1722 1194 ac

266 1212 555 1262 tributarius
594 1215 766 1276 factus,
803 1213 1068 1277 inpositum
1103 1213 1196 1262 sibi
1224 1213 1463 1277 vectigal,
1499 1211 1615 1261 licet
1649 1211 1719 1260 in·

267 1280 425 1342 vituS,
462 1280 657 1328 solvere
698 1280 905 1328 solebat.
975 1281 1198 1343 Cumque
1233 1295 1293 1328 eo
1329 1287 1557 1344 tempore
1588 1277 1720 1327 dicto

269 1345 474 1394 audiens
496 1361 595 1394 non
624 1353 775 1410 esset,
812 1346 993 1394 missus
1022 1346 1138 1393 illuc
1164 1345 1333 1408 regiae
1352 1359 1556 1393 mensae
1578 1359 1720 1409 prae-

267 1412 459 1477 positus
477 1412 739 1476 Audulfus,
775 1411 995 1477 perfidae
1030 1412 1192 1474 gentis
1216 1410 1570 1462 contumatiam
1594 1410 1721 1460 mira

268 1478 522 1527 celeritate
574 1479 892 1543 compressit,
949 1479 1152 1542 regique
1206 1477 1335 1543 apud
1386 1476 1720 1527 Wormnciam

267 1543 551 1594 etobsides
587 1560 710 1609 quos
746 1551 1020 1608 acceperat,
1057 1550 1107 1592 et
1142 1544 1423 1608 complures
1453 1559 1516 1592 ex
1549 1543 1721 1609 populi

267 1611 564 1678 primoribus
589 1611 801 1660 adduxit.
850 1610 970 1674 Rex,
992 1625 1113 1675 pace
1135 1609 1348 1673 undique
1370 1615 1526 1675 parta,
1548 1610 1723 1660 statuit

267 1680 478 1727 Romam
523 1677 796 1743 proficisci,
849 1685 899 1726 et
952 1684 1142 1742 partem
1194 1676 1365 1724 ltaliae
1417 1689 1550 1740 quae'
1590 1691 1721 1725 nunc

267 1744 581 1793 Beneventus
607 1750 812 1793 vocatur
842 1742 1073 1806 adgredi,
1111 1742 1408 1790 conveniens
1445 1755 1558 1790 esse
1587 1741 1720 1808 arbi·

267 1819 451 1874 tratuS‚
505 1819 558 1859 ut
606 1810 738 1859 illius
788 1810 930 1873 regni
982 1807 1232 1857 residuam
1274 1807 1555 1873 portionem
1601 1823 1721 1857 suae

266 1876 500 1943 potestati
534 1877 806 1938 subiceret,
846 1875 983 1924 cuius
1018 1881 1167 1940 caput
1201 1874 1250 1922 in
1285 1881 1428 1938 capto
1464 1873 1720 1925 Desiderio

267 1959 406 2008 rege,
440 1944 779 2007 maioremque
806 1949 1000 2007 partem
1026 1942 1075 1988 in
1103 1939 1447 2003 Langobardia
1481 1938 1721 1989 iam'sub-

268 2018 375 2059 acta
421 2009 636 2059 tenebat.
734 2009 836 2057 Nec
882 2007 965 2055 diu
1013 2015 1262 2071 moratus,
1316 2005 1414 2055 sed·
1457 2006 1720 2055 contractis

267 2076 496 2125 celeriter
529 2076 828 2123 Francorum
875 2073 1052 2139 copiis,
1098 2073 1147 2121 in
1190 2073 1298 2137 ipsa
1332 2072 1561 2121 hiemalis
1595 2080 1719 2122 tem-

267 2143 402 2209 poris
437 2142 700 2206 asperitate
726 2142 918 2191 Italiam
939 2140 1228 2204 ingreditur.
1282 2139 1504 2214 Cumque
1539 2138 1588 2188 in
1611 2138 1720 2188 Flo-

268 2210 428 2258 rentia
462 2209 735 2257 Tuscorum
771 2208 968 2257 civitate
1005 2207 1219 2255 natalem
1247 2205 1443 2253 Domini
1478 2204 1721 2255 celebras·

269 2284 372 2340 εει-Ι
409 2283 591 2340 quanta
626 2274 785 2341 potuit
819 2273 1071 2323 celeritate
1101 2273 1309 2321 Romam
1344 2271 1416 2320 ire
1452 2270 1718 2322 contendit.

269 2345 378 2403 Quo
415 2358 527 2390 cum
563 2342 797 2405 venisset,
834 2357 891 2389 ac
925 2340 986 2388 de
1022 2338 1327 2404 profectione
1362 2352 1451 2386 sua
1486 2337 1535 2385 in
1562 2336 1720 2387 Bene·

268 2417 472 2458 ventum
523 2416 623 2456 tam
683 2423 795 2455 cum
842 2406 1089 2455 Hadriano
1137 2403 1368 2470 pontifice
1413 2419 1562 2468 quam
1606 2419 1719 2453 cum

268 2477 372 2524 suis
407 2473 728 2539 optimatibus
764 2473 1114 2533 deliberasset,
1150 2470 1406 2535 Aragisus,
1442 2470 1539 2519 dux
1564 2469 1718 2518 Bene-

268 2548 624 2604 ventanorum.,
674 2539 840 2588 audito
887 2539 991 2588 eius
1035 2538 1249 2587 adventu
1286 2544 1634 2602 compertaque
1669 2537 1718 2584 in

270 2616 452 2656 terram
501 2623 642 2656 suam
690 2606 902 2655 intrandi
939 2606 1216 2668 voluntate⁷
1267 2603 1576 2670 propositum
1611 2602 1718 2651 eius

271 2682 496 2724 avertere
518 2681 722 2723 conatus
749 2681 839 2722 est.
900 2673 1050 2722 Misso
1084 2673 1214 2720 enim
1237 2670 1497 2734 Rumoldo‚
1531 2670 1718 2718 maiore
