1754 3120
614 199 669 247 A.
706 198 818 249 811.
854 199 965 249 812.
1442 202 1506 251 63

57 318 204 385 dnn,
245 317 318 367 ad
373 317 695 382 Bononiam¹‚
747 319 997 371 civitatem
1053 321 1376 384 maritimam,
1423 324 1507 371 ubi

54 385 266 443 endem
300 401 455 436 naves
489 394 823 449 congregatae
858 396 1023 452 erant,
1059 390 1289 454 accessit,
1325 391 1508 438 farum-

55 468 153 521 que
186 452 254 502 ibi
289 451 349 500 ad
385 451 722 514 navigantium
766 469 940 503 cursus
975 455 1259 518 dirigendos
1302 456 1508 522 antiqui-

0 542 5 548 ·
56 527 139 570 tus
170 517 490 574 constitutam
523 520 847 582 restauravit,
898 529 946 568 et
990 521 1039 567 in
1083 523 1367 571 summitate
1402 524 1510 572 eius

56 593 352 639 mum
387 583 555 647 ignem
590 585 825 632 accendit.
913 585 1032 634 Inde
1067 587 1130 633 ad
1166 588 1382 636 Scaldim
1418 589 1509 638 flu-

54 650 455 713 fflzqveniens,
502 649 552 697 in
587 650 697 698 loco
733 651 815 715 qui
851 651 1057 700 Ganda²
1091 661 1317 717 vocatur,
1355 672 1508 704 naves

46 714 137 775 ss·-
163 715 379 768 eandem
425 716 638 764 classem
684 717 968 767 aedificatas
1016 720 1233 785 aspexit,
1285 729 1335 769 et
1381 722 1508 770 circa

0 794 5 814 ,
33 796 38 802 ,
59 781 169 833 ΗΝ
189 797 267 832 um

0 819 7 854 ³
52 849 272 900 *mnu
319 783 1509 917 {gx‘zffssssfflffl,133⁰33g525¹¹¹kow3b35¹32ffiss

0 927 5 965 τ’
53 931 264 966 munera
297 916 430 980 regis
467 923 516 964 et
551 915 703 963 verba
738 917 940 982 pacifica
966 919 1275 983 deferentes,
1312 922 1511 970 fuerunt

54 979 208 1040 etium
226 981 380 1047 Aquis
404 981 672 1030 adventum
697 984 803 1032 eius
839 993 1156 1050 expectantes
1185 988 1266 1051 qui
1303 987 1365 1034 de
1388 988 1509 1036 Pan-

56 1046 205 1099 nn'l'ia
246 1057 518 1111 venerunt,
573 1050 830 1099 Canizauci
887 1053 1117 1117 princeps
1162 1054 1403 1118 Avarum,
1460 1062 1511 1103 et

54 1115 261 1177 Tudnn,
296 1121 347 1164 et
378 1115 462 1163 alii
498 1115 742 1180 primores
777 1134 836 1166 ac
870 1119 1020 1167 duces
1055 1116 1347 1168 Sc'lavorum
1382 1121 1511 1169 circa

54 1180 335 1232 Danubium
379 1181 733 1246 habitantium,
787 1185 868 1250 qui
917 1202 946 1233 a
990 1186 1195 1234 ducibus
1238 1188 1508 1252 copiarum,

0 1262 4 1277 ¹
53 1260 183 1315 «pne
217 1246 269 1297 in
290 1248 593 1297 Pannoniam
617 1250 800 1299 missae
836 1253 1051 1314 fuerunt,
1089 1253 1148 1300 ad
1176 1254 1509 1317 praesentiam

53 1313 293 1382 principis
326 1315 446 1363 iussi
482 1324 739 1364 venerunt.
809 1317 1002 1366 Interea
1038 1320 1218 1367 Karlus
1253 1320 1384 1368 filius
1420 1321 1510 1368 im-

38 1380 300 1447 peratoris
333 1381 415 1446 qui
450 1382 610 1429 maior
643 1391 760 1431 natu
796 1393 926 1446 erat,
975 1386 1020 1433 2.
1059 1386 1224 1434 Nonas
1277 1387 1508 1435 Decemb.

55 1446 191 1496 diem
226 1446 371 1510 obiit3
419 1455 469 1496 et
503 1448 773 1513 imperator
804 1452 957 1515 Aquis
991 1452 1242 1501 hiemavit.

154 1512 268 1562 812.
304 1514 406 1562 Nec
438 1516 595 1563 multo
632 1524 744 1581 post
777 1518 1104 1580 Hemmingus
1137 1519 1391 1566 Danorum
1427 1535 1510 1567 rex

0 1603 5 1642 4
56 1579 319 1628 dofflnctus
362 1581 632 1628 nunciatur.
717 1582 804 1631 Cui
849 1599 962 1631 cum
1009 1584 1298 1647 sigifridus,
1353 1591 1509 1650 nepos

0 1646 11 1711 ξ
55 1645 314 1696 Godofridi
347 1647 499 1709 regis,
535 1654 586 1696 et
618 1649 795 1712 Anulo,
832 1665 987 1715 nepos
1011 1651 1229 1699 Herioldi
1261 1653 1508 1715 quondam

0 1731 3 1746 ι
54 1711 221 1776 regis,
254 1713 519 1760 succedere
557 1715 853 1778 voluissent,
889 1733 1049 1781 neque
1085 1718 1214 1766 inter
1249 1734 1363 1782 eos,
1400 1727 1512 1768 uter

56 1793 268 1842 regnare
313 1777 540 1840 deberet,
589 1781 851 1828 convenire
898 1784 1166 1846 potuisset,
1214 1787 1511 1849 comparatis

57 1843 213 1909 copiis
247 1850 300 1892 et
331 1845 597 1893 commisso
658 1847 836 1910 roelio,
873 1848 1020 1896 ambo
1057 1850 1344 1898 moriuntur.
1391 1852 1511 1900 Pars

58 1918 225 1960 nmen
274 1911 516 1959 Anulonis
580 1862 759 1977 afepta
817 1914 1099 1979 victoriam,
1163 1917 1341 1965 fratres
1403 1918 1510 1967 eius

57 1976 348 2026 Herioldum
408 1985 458 2026 et
505 1977 846 2041 Reginfridum
895 1997 1041 2044 reges
1088 1982 1181 2030 sibi
1230 1984 1510 2047 constituit,

54 2058 205 2110 quam
250 2044 530 2093 necessario
578 2061 693 2110 pars
739 2047 869 2094 victa
912 2055 1106 2111 secuta,
1160 2050 1363 2097 eosdem
1416 2051 1510 2099 sibi

55 2124 269 2175 regnare
302 2125 402 2157 non
437 2109 629 2158 abnuit:
665 2112 712 2159 in
751 2128 810 2160 eo
834 2114 1021 2178 proelio
1054 2116 1233 2178 10,940
1269 2118 1356 2165 viri
1386 2118 1509 2165 ceci-

56 2175 191 2225 disse
225 2181 501 2223 narrantur.
576 2177 822 2226 Niciforus
866 2180 1139 2244 imperator
1180 2190 1294 2246 post
1330 2185 1510 2232 multas

56 2248 109 2290 et
140 2241 362 2305 insignes
395 2241 625 2291 victorias
661 2243 709 2291 in
738 2245 924 2293 Moesia
959 2247 1210 2310 provincia
1245 2250 1510 2298 commisso

55 2323 170 2357 cum
203 2306 431 2372 Bulgaris
474 2309 664 2373 proelio
699 2310 934 2374 moritur,
985 2320 1033 2360 et
1069 2313 1311 2362 Michahel
1356 2330 1511 2377 gener

57 2373 166 2423 eifls
210 2371 482 2439 imperator
527 2376 711 2438 factus,
759 2378 952 2441 legatos
996 2379 1310 2444 imperatoris
1357 2382 1508 2444 Karli,

58 2439 142 2506 qni
177 2438 238 2487 ad
276 2439 543 2488 Niciforum
581 2443 718 2491 missi
754 2444 968 2506 fuerunt,
1005 2445 1053 2493 in
1086 2446 1509 2513 Constantinopoli

58 2505 277 2571 suscepit
321 2514 372 2555 et
414 2506 654 2572 absolvit,
702 2526 814 2558 cum
858 2511 1034 2575 quibus
1078 2520 1128 2561 et
1163 2529 1280 2562 suos
1316 2515 1509 2577 legatos

58 2572 253 2636 direxit,
290 2572 615 2623 Michahelem
638 2577 823 2626 scilicet
848 2578 1153 2644 episcopum,
1190 2588 1240 2629 et
1266 2581 1507 2629 Arsafium

59 2645 207 2704 atque
256 2638 627 2703 Theognostum
678 2645 1130 2710 protospatharios,
1184 2655 1232 2695 et
1285 2664 1373 2711 per
1423 2664 1510 2696 eos

63 2717 96 2763 t)
119 2713 320 2766 Boules-e.
426 2722 460 2766 2)
486 2720 591 2759 Geni.
