1754 3120
598 223 652 270 A.
689 221 800 271 820.
837 220 950 270 821.
1422 225 1486 272 79

36 345 190 411 πίῃς.
212 345 534 395 constitutum
570 351 620 391 et
655 351 858 392 neutrae
893 341 1020 407 parti
1057 341 1177 390 satis
1211 341 1487 407 proficuum

212 419 264 462 to
310 418 534 478 ruptum,
581 409 864 474 bellumque
899 408 1137 457 adversus
1173 424 1288 456 eum
1322 425 1487 458 susce·

36 484 180 546 pum
207 486 303 529 lest.
383 477 439 525 ln
487 475 655 524 Italico
701 475 825 523 mari
871 483 982 524 octo
1029 491 1181 523 naves
1216 476 1494 540 negotiato,

36 557 149 607 rum
183 544 247 595 de
276 541 508 594 Sardinia
543 541 605 589 ad
635 542 826 589 ltaliam
861 541 1218 589 revertentium
1253 558 1282 590 a
1316 544 1488 607 piratis

37 617 212 681 οιμᾳρ
262 625 322 659 ac
370 608 618 657 dimersae
671 615 805 656 sunt:
867 606 929 654 de
980 606 1316 656 Nordmannia
1367 626 1486 659 vero

35 675 275 731 wem
306 675 543 741 piraticae
578 690 730 741 naves
766 688 1025 737 egressae,
1066 673 1227 738 primo
1262 675 1312 722 in
1347 676 1510 753 Plan-2

35 735 205 795 &enti
256 743 404 792 litore
445 741 673 807 praedari
729 740 1019 803 molientes,
1073 739 1134 788 ab
1188 741 1266 789 his
1312 742 1394 806 qui
1438 742 1488 789 in

35 809 284 877 praesidio
325 816 466 858 erant
511 808 740 873 repulsae
787 814 929 869 sunt,
975 806 1059 854 ubi
1105 814 1273 855 tamen
1320 808 1381 856 ab
1417 809 1499 863 eis,

35 883 243 944 popter
285 875 548 925 custodum
583 873 821 922 incuriam
856 872 1043 937 aliquot
1079 889 1223 922 casae
1259 874 1383 923 viles
1418 876 1504 933 ἑτι-ς

38 948 241 1008 censue,
276 950 327 992 et
352 957 534 1008 parvus
568 942 762 1006 pecoris
796 955 1033 988 numerus
1067 940 1270 989 abactus
1306 949 1404 1002 est3
1441 942 1506 1000 in}

39 1009 170 1061 odio
214 1009 474 1074 Sequanae
530 1007 711 1056 similia
765 1013 1091 1071 temptanteS,
1145 1007 1503 1056 resistentibus}

38 1073 134 1139 εἰξί
160 1073 318 1125 liboris
351 1074 660 1138 custodibus,
705 1073 918 1138 quinque
963 1089 1167 1125 suorum
1202 1072 1517 1137 interfectisss

39 1141 217 1192 inritae
270 1148 608 1202 recesserunt,
671 1140 871 1188 tandem
922 1139 971 1187 in
1013 1141 1302 1204 Aquitanico
1347 1142 1461 1190 litor

37 1224 159 1275 pros
193 1207 292 1257 eris
327 1223 446 1257 usae
470 1206 798 1270 successibus,
836 1205 942 1254 vico
979 1206 1193 1270 quodam
1231 1207 1312 1272 qui
1347 1223 1470 1256 voca

93 1289 120 1324 r
202 1274 406 1324 undium
454 1274 516 1321 ad
573 1274 822 1336 integrum
878 1273 1204 1338 depopulato,
1264 1290 1375 1322 cum
1421 1275 1470 1321 in

40 1341 179 1406 genti
211 1340 399 1407 praeda
434 1340 496 1388 ad
531 1340 730 1405 propria
766 1354 999 1388 reversae
1036 1347 1162 1388 sunt.
1231 1341 1336 1388 Hoc
1363 1356 1491 1388 anno

35 1409 244 1475 'propter
293 1407 435 1471 iuges
498 1406 690 1470 pluvias
756 1412 806 1453 et
858 1421 1025 1453 aerem
1078 1405 1229 1453 nimio
1283 1407 1492 1455 humore

40 1475 315 1524 resolutum
373 1489 555 1537 magna
609 1472 920 1520 incommoda
963 1472 1288 1535 contigerunt.
1368 1474 1492 1520 Nam

40 1548 92 1589 et
123 1541 383 1589 hominum
405 1547 455 1588 et
492 1539 640 1588 boum
677 1539 955 1603 pestilentia
983 1547 1085 1586 tam
1122 1539 1319 1586 inmane
1344 1539 1492 1602 longe

39 1608 238 1672 lateque
271 1613 497 1669 grassata
532 1612 634 1668 est,
680 1612 733 1653 ut
766 1604 846 1651 vix
881 1604 982 1651 ulla
1016 1620 1132 1668 pars
1167 1606 1318 1653 totius
1354 1606 1494 1669 regni

39 1674 340 1724 Francorum
393 1672 453 1720 ab
505 1672 598 1719 hac
658 1679 799 1736 peste
850 1670 1065 1718 inmunis
1119 1679 1262 1735 atque
1313 1671 1495 1730 intacta

74 1739 200 1789 ussit
233 1738 456 1787 inveniri.
524 1738 790 1785 Frumenta
812 1753 1006 1801 quoque
1034 1744 1085 1784 et
1119 1738 1372 1801 legumina
1407 1740 1495 1786 im-

40 1757 205 1854 beiam
250 1804 548 1854 adsiduitate
595 1811 852 1867 corrupta,
906 1804 984 1850 vel
1023 1804 1188 1866 colligi
1223 1821 1322 1852 non
1356 1814 1494 1869 pote-

0 1869 5 1907 *
43 1879 157 1921 rant
200 1872 281 1921 vel
329 1871 534 1919 collecta
579 1869 1035 1935 conputrescebant.
1114 1870 1291 1918 Vinum
1327 1871 1494 1935 etiam,

43 1938 181 1987 citius
214 1953 399 2004 parvus
433 1944 703 2002 proventus
750 1935 927 1984 eodem
965 1952 1092 1983 anno
1131 1936 1245 1999 fuit,
1293 1946 1497 2002 propter

42 2003 221 2054 caloris
252 2003 472 2069 inopiam
508 2003 741 2051 acerbum
777 2010 826 2050 et
862 2002 1065 2050 insuave
1100 2001 1263 2052 fiebat.
1313 2003 1367 2051 In
1394 2005 1496 2068 qui·

43 2070 255 2121 busdam
287 2086 408 2119 vero
443 2070 563 2118 locis
601 2070 662 2117 de
698 2069 1015 2116 inundatione
1044 2068 1320 2133 fluminum,
1358 2072 1497 2135 aquis

43 2138 95 2187 in
128 2138 278 2203 plano
314 2135 682 2200 stagnantibus,
730 2136 1030 2184 autumnalis
1074 2136 1201 2184 satio
1238 2137 1306 2184 ita
1342 2136 1497 2202 impe·

45 2203 148 2252 dita
181 2209 286 2263 est,
321 2210 375 2251 ut
410 2201 638 2268 paenitus
673 2201 795 2249 nihil
831 2204 1028 2264 frugum
1065 2209 1179 2250 ante
1214 2202 1353 2250 verni
1375 2212 1499 2252 tem·

138 2270 236 2318 'em
270 2270 611 2318 seminaretur.
678 2268 815 2316 Luna
851 2267 1034 2316 defecit
1067 2269 1113 2318 8.
1134 2269 1238 2316 Kal.
1267 2268 1497 2318 Decemb.

2 2341 21 2377 fi
80 2351 170 2386 ora
220 2336 381 2386 noctis
437 2335 667 2384 secunda.
752 2335 1030 2400 Imperator
1080 2341 1193 2400 post
1243 2345 1498 2400 peractum

47 2401 283 2454 carisiaci
335 2408 631 2451 conventum
691 2402 1127 2466 autumnalemque
1182 2402 1498 2452 venationem

9 2466 110 2530 ,513¹
143 2479 285 2518 more
332 2469 629 2535 completam
665 2468 973 2533 Aquasgrani
1009 2484 1239 2516 reversus
1275 2476 1365 2517 est.

8 2514 25 2647 ἰ
148 2534 260 2584 821.
316 2536 598 2585 Conventus
631 2551 804 2583 mense
840 2535 979 2583 Febr.
1017 2535 1167 2601 Aquis
1202 2534 1413 2598 habitus,
1450 2544 1500 2584 et

12 2646 22 2666 μ
48 2602 100 2651 iu
134 2617 195 2652 eo
229 2601 292 2650 de
327 2601 459 2650 bello
482 2601 796 2650 Liudewitico
834 2609 1114 2664 tractatum,
1152 2617 1209 2649 ac
1234 2608 1334 2650 tres
1362 2618 1498 2650 exer-

12 2666 175 2753 {cim
219 2667 430 2718 ordinati
472 2669 553 2733 qui
589 2670 754 2717 futura
791 2676 979 2717 aestate
1014 2668 1315 2734 perfidorum
1352 2684 1500 2731 agros

0 2749 27 2791 ις
48 2749 140 2800 per
163 2749 299 2785 vices
317 2743 582 2785 vastarent.
634 2735 791 2784 Simili
818 2735 964 2783 modo
996 2735 1058 2784 de
1087 2751 1252 2783 marca
1283 2735 1499 2799 Hispana

16 2794 33 2928 ἶ

6 2923 38 2965 ἐξ
