1754 3120
683 195 735 241 A.
770 193 882 242 817.
1445 193 1508 243 73

58 314 355 368 maeonis
402 315 574 380 partiri
610 313 895 378 iubebatur,
941 328 1067 377 quae
1113 328 1194 362 res
1229 313 1368 361 illum
1405 320 1508 361 tam

185 381 197 392 '
252 398 277 430 ι·
310 380 648 442 exacerbavit,
693 390 746 430 ut
782 380 1095 443 adfirmaret,
1141 395 1197 429 se
1239 395 1508 444 numquam

56 448 265 564 posthac
298 447 460 497 Albim
494 446 700 494 fluvium
737 448 1084 509 transiturum,
1129 462 1290 511 neque
1324 447 1384 494 ad
1423 462 1506 511 pa-

0 538 5 543 ·
77 514 235 564 atium
269 522 544 563 venturum.
626 512 803 560 Statim
839 514 991 560 missa
1028 520 1164 559 trans
1200 528 1338 560 mare
1373 513 1508 577 lega-

58 579 415 658 timfiunxit
447 577 689 628 amicitias
725 594 837 626 cum
873 577 988 625 filiis
1022 578 1304 641 Godofridi,
1341 587 1418 642 et,
1456 585 1510 627 ut

58 651 304 710 amns
346 646 396 694 in
445 644 711 695 Saxoniam
758 643 1163 693 Transalbianam
1208 644 1506 707 mitteretur,

55 712 352 779 inpetravit.
450 713 574 760 Nam
626 718 676 759 et
726 711 897 760 classis
950 726 1122 758 eorum
1174 726 1263 775 per
1313 711 1506 759 Albiam

54 794 213 845 mque
261 778 324 828 ad
375 778 606 827 Esesfeld
656 778 915 826 castellum
962 779 1119 840 venit,
1173 792 1300 841 quae
1351 784 1507 826 totam

56 844 255 896 Sturiae
289 844 507 894 fluminis
542 844 701 909 ripam
736 843 1038 906 devastavit,
1083 851 1131 891 et
1165 844 1388 907 Gluomi,
1426 860 1505 891 cu-

55 919 165 963 stos
197 910 550 961 Nordmannici
585 909 774 974 limitis,
807 911 1067 975 pedestres
1101 910 1267 975 copias
1304 910 1506 974 ducens,

54 978 204 1029 simul
239 992 356 1027 enm
392 976 643 1026 Abodritis
677 984 875 1025 terreno
921 977 1095 1026 itinere
1131 976 1192 1024 ad
1228 978 1391 1042 ipsum
1428 993 1506 1025 ca·

27 1044 256 1100 *stallum
290 1044 510 1093 accessit.
570 1043 758 1102 Quibus
795 1060 907 1092 cum
943 1043 1096 1092 nostri
1134 1044 1329 1091 fortiter
1363 1043 1505 1092 resti-

0 1123 6 1176 ’ς
51 1109 258 1175 tin-ent,
292 1111 476 1160 omissa
512 1111 702 1158 castelli
738 1110 1123 1175 oppugnatione,
1159 1109 1505 1158 discesserunt.

0 1189 6 1243 j-
52 1176 250 1228 Interea
273 1193 387 1226 cum
414 1177 686 1242 imperator
711 1177 972 1226 venatione
996 1184 1197 1241 peracta
1223 1176 1285 1224 de
1309 1177 1506 1240 Vosego

0 1263 3 1265 ’
52 1244 363 1310 Aqnaagrani
396 1250 759 1307 reverteretur,
807 1244 1086 1292 nuntiatum
1122 1250 1199 1291 est
1234 1244 1306 1306 ei,
1354 1243 1505 1291 Bern-

0 1309 264 1363 ,πωπω
288 1318 524 1376 Q
555 1325 729 1373 suum,
765 1310 934 1358 Italiae
969 1325 1159 1373 regem,
1195 1310 1507 1373 quorundam

37 1391 319 1452 ‘pravorum
343 1377 598 1426 hominum
634 1376 838 1425 consilio
863 1377 1170 1440 tyrannidem
1194 1376 1505 1438 meditatum,

52 1458 155 1493 iam
205 1459 381 1493 omnes
433 1443 594 1492 aditus
637 1443 813 1508 quibus
860 1443 909 1491 in
944 1444 1133 1492 Italiam
1168 1444 1402 1505 intratur,
1455 1443 1504 1490 id

53 1517 132 1560 est
183 1510 375 1572 clusas,
437 1509 662 1575 inpositis
723 1510 950 1558 firmasse
1019 1509 1303 1574 praesidiis,
1358 1516 1505 1572 atque

0 1628 2 1631 ,
53 1591 228 1626 omnes
250 1576 420 1625 ltaliae
446 1576 670 1624 civitates
695 1577 742 1623 in
771 1576 902 1624 illius
937 1575 1088 1623 verba
1123 1575 1336 1637 iurasse3
1372 1576 1504 1640 quod

0 1651 11 1707 ζ
53 1658 116 1692 ex
156 1649 299 1709 parte
333 1658 534 1706 verum,
574 1657 634 1690 ex
678 1650 816 1708 parte
855 1642 1035 1690 falsum
1081 1649 1200 1690 erat.
1271 1642 1344 1690 Ad
1382 1659 1507 1707 quos

3 1707 5 1711 ’
51 1715 220 1759 motus
265 1709 666 1774 comprimendos
718 1725 856 1772 cum,
903 1724 962 1756 ex
1006 1715 1109 1757 tota
1153 1709 1311 1757 Gallia
1356 1717 1505 1773 atque

53 1775 317 1826 Germania
338 1782 639 1838 congregato
660 1791 854 1822 summa
880 1775 1134 1823 celeritate
1156 1791 1338 1838 magno
1366 1791 1504 1823 exer-

54 1841 181 1906 citu,
225 1841 495 1907 imperator
537 1841 729 1890 ltaliam
775 1841 958 1888 intrare
995 1840 1304 1905 festinasset,
1353 1841 1504 1889 Bern-

53 1907 240 1957 hardus
285 1907 434 1956 rebus
485 1908 587 1956 suis
634 1907 891 1971 diffidens,
938 1907 1152 1955 maxime
1197 1907 1327 1971 quod
1375 1924 1430 1956 se
1475 1925 1506 1956 a

2 1998 6 1999 ⁷
53 1974 158 2026 suis
203 1974 382 2023 cotidie
423 1973 585 2022 deseri
622 1974 843 2035 videbat,
892 1974 1042 2021 armis
1079 1974 1337 2039 depositis,
1373 1974 1504 2039 apud

52 2041 377 2093 Caviliionem
426 2039 710 2105 imperatori
757 2057 812 2088 se
857 2040 1084 2102 tradidit,
1140 2057 1286 2105 quem
1324 2042 1506 2090 caeteri

50 2107 234 2171 secuti,
287 2124 386 2156 non
434 2108 594 2155 solum
644 2107 795 2155 armis
830 2107 1067 2172 depositis
1102 2123 1157 2155 se
1194 2107 1505 2170 dediderunt,

8 2215 10 2219 ,
50 2189 229 2224 verum
261 2174 391 2223 ultro
435 2180 486 2221 et
521 2173 582 2221 ad
618 2173 830 2237 primam
865 2174 1303 2236 interrogationem
1341 2176 1507 2222 omnia

51 2241 123 2291 uti
165 2246 309 2305 gesta
355 2247 497 2287 erant
547 2246 858 2304 aperuerunt.
942 2239 1099 2287 Huius
1157 2240 1506 2288 coniurationis

50 2306 297 2374 principes
331 2306 471 2354 fuere
491 2306 728 2369 EggideO,
766 2306 893 2354 inter
918 2305 1105 2353 amicos
1131 2306 1263 2368 regis
1300 2306 1506 2370 primuS,

51 2381 106 2423 et
151 2372 492 2437 Reginhardus
537 2373 837 2421 camerarius
891 2372 1021 2436 eius,
1075 2379 1125 2420 et
1182 2372 1507 2435 Reginharius

51 2438 344 2504 Meginharii
370 2438 563 2487 comitis
593 2439 738 2501 filius,
766 2439 905 2487 cuius
926 2447 1179 2487 maternus
1204 2455 1325 2487 avus
1350 2439 1506 2486 Hard-

51 2506 204 2556 radus
250 2506 370 2554 olim
413 2505 462 2553 in
509 2506 774 2555 Germania
827 2522 939 2553 cum
986 2505 1155 2553 multis
1203 2521 1262 2552 ex
1298 2521 1358 2553 ea
1393 2522 1506 2570 pro-

0 2627 3 2634 :
51 2572 210 2622 vincia
256 2571 502 2621 nobilibus
546 2581 715 2621 contra
762 2573 966 2621 Kartum
1003 2573 1355 2637 imperatorem
1392 2588 1506 2619 con-

0 2639 9 2704 }
52 2638 243 2688 iuravit.
326 2639 476 2687 Erant
510 2646 769 2704 praeterea
805 2647 854 2687 et
889 2639 969 2686 alii
1006 2638 1145 2687 multi
1184 2638 1419 2703 praeclari
1456 2646 1508 2686 et

6 2719 10 2769 j
53 2704 244 2755 nobiles
269 2706 376 2770 viri,
414 2705 492 2771 qui
533 2705 579 2753 in
618 2706 792 2754 eodem
832 2706 1019 2754 scelere
1055 2705 1350 2769 deprehensi
1375 2712 1505 2766 sunt,
