1754 3120
262 231 357 278 100
671 229 969 277 ElNHARDI
1005 230 1295 280 ANNALES

257 360 403 415 atque
451 349 729 398 Sardiniam
775 367 925 416 parva
971 352 1129 400 classe
1165 352 1548 427 circumvectus,
1595 370 1707 403 cum

258 419 446 465 nullum
483 417 529 464 in
567 416 690 464 mari
715 417 925 481 piratam
960 418 1246 483 invenisset,
1283 418 1331 467 in
1355 419 1572 470 Africam
1608 427 1707 469 tra·

257 483 395 547 iecit,
446 491 494 531 et
528 484 657 532 inter
692 484 882 532 Uticam
921 492 1065 550 atque
1101 486 1420 549 Kartaginem
1457 501 1707 551 egressae,

257 551 566 598 innumeram
601 550 873 598 incolarum
912 553 1277 601 multitudinem
1313 552 1476 602 subito
1503 569 1708 617 congre-

255 625 421 681 gatam
457 617 687 680 offendit,
724 634 835 664 cum
871 635 965 681 qua
1001 627 1050 667 et
1085 620 1326 682 proelium
1358 619 1621 682 conseruit,
1659 626 1709 668 et

256 683 512 748 quinquies
560 684 638 731 vel
689 698 747 729 eo
784 685 995 747 amplius
1042 686 1203 732 fusam
1241 686 1560 751 fugatamque
1596 702 1708 751 pro-

257 751 468 813 lligavit,
514 765 791 823 magnaque
829 751 1059 798 Afrorum
1097 750 1410 799 multitudine
1444 760 1707 827 prostrata,

257 817 525 892 aliquantis
555 815 705 864 etiam
743 815 981 864 sotiorum
1017 833 1222 865 suorum
1258 834 1347 882 per
1376 818 1708 867 temeritatem

256 883 477 946 amissis,
515 883 561 930 in
599 898 750 930 naves
787 899 901 931 suas
937 900 992 931 se
1029 884 1229 949 recepit,
1267 891 1412 949 atque
1447 885 1542 933 hoc
1577 886 1707 933 facto

257 950 507 1012 ingentem
554 949 686 997 Afris
730 950 961 998 timorem
1009 950 1224 998 incussit.
1303 951 1440 999 Luna
1473 951 1709 1001 Kalendis

258 1017 343 1064 lul.
380 1016 540 1080 primo
579 1016 793 1063 diluculo
830 1017 877 1064 in
913 1033 1090 1066 occasu
1127 1034 1215 1065 suo
1239 1017 1445 1079 defecit,
1480 1017 1709 1067 similiter

257 1091 306 1131 et
342 1083 389 1130 in
425 1082 469 1130 8.
493 1083 740 1130 Kalendas
765 1083 992 1147 Ianuarii,
1030 1084 1078 1131 id
1115 1092 1191 1132 est
1226 1084 1274 1132 in
1311 1085 1474 1133 natale
1492 1083 1708 1147 Domini,

257 1149 419 1197 media
464 1157 608 1197 nocte
653 1149 914 1198 obscurata
950 1158 1039 1198 est.
1122 1151 1394 1215 Imperator
1427 1150 1556 1199 circa
1590 1150 1707 1198 mis-

256 1231 362 1263 sam
399 1216 552 1264 sancti
577 1216 773 1263 Martini
798 1216 1107 1280 Aquasgrani
1138 1216 1199 1263 ad
1218 1216 1538 1264 hiemandum
1557 1217 1708 1280 venit,

257 1282 418 1345 ibique
455 1282 669 1346 positus,
706 1290 866 1330 totum
902 1282 1094 1330 hiberni
1132 1282 1371 1347 temporis
1408 1282 1622 1348 spatium
1657 1283 1708 1330 in

257 1348 465 1396 diversis
510 1348 832 1397 conventibus
887 1349 948 1397 ob
996 1348 1277 1398 necessaria
1325 1349 1466 1413 regni
1509 1348 1710 1413 negotia

256 1415 571 1478 congregatis
617 1416 852 1480 inpendit.
1750 1423 1754 1433 ²

354 1483 468 1530 829.
514 1482 631 1531 Post
666 1490 887 1531 exactam
913 1481 1130 1530 hiemem
1166 1483 1214 1531 in
1251 1483 1359 1548 ipso
1395 1490 1564 1532 sancto
1591 1498 1708 1548 qua·
1752 1540 1754 1547 Ι

258 1548 575 1611 ‹lragesimali
630 1548 838 1611 ieiunio,
886 1550 1054 1612 paucis
1100 1557 1213 1598 ante
1257 1556 1479 1598 sanctum
1526 1549 1711 1615 pascha
1750 1602 1754 1607 ,

256 1614 447 1678 diebus,
482 1616 788 1679 Aquasgrani
813 1622 973 1663 terrae
1009 1622 1173 1663 motus
1209 1623 1356 1663 noctu
1383 1617 1556 1678 factus,
1591 1631 1709 1664 ven-

259 1690 435 1745 tusque
471 1689 572 1730 tam
608 1682 878 1729 vehemens
915 1689 1138 1742 coortus,
1191 1689 1243 1729 ut
1289 1698 1387 1729 non
1423 1682 1585 1730 solum
1621 1682 1710 1730 hu·
1751 1688 1754 1721 ἱ

257 1748 477 1796 miliores
523 1748 730 1810 domos,
776 1764 949 1795 verum
994 1747 1143 1795 etiam
1187 1748 1347 1812 ipsam
1387 1754 1587 1796 sanctae
1618 1747 1711 1796 Dei
1746 1742 1754 1752 ⁴

258 1814 510 1877 genitricis
547 1814 830 1877 basilicam,
868 1829 1013 1878 quam
1051 1814 1292 1879 capellam
1328 1821 1532 1878 vocant,
1566 1821 1709 1878 tegu-

258 1881 317 1929 lis
365 1880 610 1946 plumbeis
658 1889 865 1943 tectam,
914 1898 972 1929 ex
1009 1889 1149 1945 parte
1194 1898 1292 1928 non
1328 1880 1522 1928 modica
1558 1880 1710 1930 denu-

259 1948 410 1996 daret.
491 1948 766 2011 Imperator
813 1963 930 1995 vero
975 1947 1024 1994 in
1060 1947 1268 1995 diversis
1309 1946 1710 2012 occupationibus

257 2031 411 2079 usque
449 2014 509 2061 ad
546 2014 793 2062 Kalendas
828 2014 915 2062 Iul.
950 2013 1258 2076 Aquasgrani
1307 2020 1555 2076 moratus,
1604 2021 1709 2062 tan·
1747 2057 1754 2067 ,

259 2081 373 2128 dem
419 2081 479 2127 ad
516 2081 802 2143 generalem
848 2087 1144 2127 conventum
1179 2078 1490 2127 Wormaciae
1525 2079 1708 2128 haben-

259 2147 377 2194 dum
413 2162 524 2194 cum
561 2147 794 2194 comitatu
829 2162 917 2193 suo
954 2161 1125 2193 mense
1144 2146 1367 2208 Augusto
1404 2146 1577 2194 statuit
1595 2161 1711 2221 pro·

259 2213 421 2261 ficisci.
492 2213 591 2261 Sed
627 2213 911 2278 priusquam
947 2212 1061 2260 inde
1096 2219 1442 2276 promoveret,
1478 2212 1714 2261 nuncium

260 2279 464 2355 accepit,
501 2279 848 2328 Nordmannos
887 2279 1012 2326 velle
1039 2271 1443 2327 Transalbianam
1468 2278 1714 2327 Saxoniae.

260 2347 516 2410 regionem
569 2347 828 2410 invadere,
881 2353 1025 2420 atque
1077 2345 1343 2393 exercitum
1402 2359 1575 2392 eorum
1626 2345 1719 2410 qui.¹

262 2415 355 2461 hoc
396 2414 612 2461 facturus
657 2420 816 2475 esset,
859 2412 1041 2460 nostris
1084 2410 1264 2459 finibus
1301 2411 1711 2476 adpropinquare.

262 2481 370 2538 Quo
419 2479 596 2528 nuncio
643 2486 947 2540 commotus,
994 2477 1129 2526 misit
1170 2477 1218 2524 in
1269 2493 1442 2526 omnes
1478 2477 1731 2527 Franciae'·

261 2553 451 2611 paites,
502 2554 550 2594 et
597 2546 738 2594 iussit
782 2553 836 2593 ut
881 2562 990 2592 cum
1028 2561 1222 2593 summa
1260 2542 1572 2593 festinatione
1606 2551 1720 2593 tota.

260 2613 428 2678 populi
465 2613 538 2660 sui
564 2612 862 2675 generalitas
899 2618 1013 2676 post
1047 2628 1101 2659 se
1139 2610 1188 2659 in
1215 2610 1479 2659 Saxoniam
1506 2610 1645 2659 venir
1695 2664 1697 2669 y

262 2680 480 2728 indicans
527 2680 695 2741 simul,
748 2679 877 2726 velle
925 2694 977 2726 se
1027 2678 1154 2744 apud
1204 2674 1499 2726 Novesium¹
1548 2676 1708 2726 medi'

269 2762 296 2807 1)
323 2760 421 2798 Neus
449 2768 571 2798 contra
599 2760 825 2797 Diisseldorf.
