1754 3120
594 211 645 257 Α.
684 209 960 258 761—767.
1474 209 1506 255 9

51 324 263 410 pubium
306 346 537 380 reversus
584 338 687 394 est,
740 330 1032 396 firmatoque
1079 329 1141 378 ad
1176 327 1507 378 defectionem

51 399 246 463 animo,
281 399 343 446 ad
378 397 529 462 regis
546 405 866 473 conspectum
902 396 1109 446 ulterius
1151 412 1206 445 se
1239 404 1506 446 venturum

52 436 349 523 abi-ravit.
385 459 514 526 Rex,
566 462 771 511 dimisso
819 482 868 512 ιιι
912 463 1117 511 hiberna
1153 462 1396 527 exercitu,
1445 463 1504 512 ad

52 531 376 582 hiemandum
404 529 455 577 in
502 528 620 576 villa
659 528 900 576 Lonclaie
946 530 1195 592 consedit,
1249 538 1331 594 atq
1335 546 1398 578 ue
1442 530 1504 578 ib

54 597 271 662 natalem
317 594 515 644 Domini
559 611 616 643 ac
659 596 840 661 pascha
887 595 1165 643 celebravit.
1242 596 1389 644 Facta
1434 547 1577 703 ειεᾉρ
1612 577 1754 679 &a

53 664 299 724 *neo
335 669 560 727 tempore
594 670 698 711 tam
719 662 882 711 valida
919 670 1063 726 atque
1099 677 1273 727 aspera
1297 663 1553 731 hiemps,
1597 686 1684 755 0!

49 731 127 780 nl:
138 728 438 780 inmanitate
486 729 683 792 frigoris
730 730 895 778 nullae
943 729 1322 794 praeteritorum
1357 746 1507 778 anno·
1694 726 1754 754 ”¹¹

51 799 186 846 imm
186 796 348 847 hiemi
383 796 633 844 videretur
666 812 817 860 posse
852 796 1080 844 conferri.

98 863 270 913 ww&
322 862 425 911 Rex
460 862 720 927 Pippinus,
757 862 990 911 distracto
1027 863 1077 910 in
1113 862 1310 911 diversa
1345 861 1509 910 animo

51 946 144 997 pro
178 935 259 1005 tier
273 928 372 977 duo
398 928 544 991 bella,
579 929 955 993 Aquitanicum
942 945 1041 976 iam
1065 929 1181 976 olim
1205 937 1509 994 susceptum,

52 1004 133 1046 et
207 995 442 1045 uaricum
478 1002 681 1061 propter
715 997 984 1045 Tassilonis
1021 995 1159 1044 ducis
1181 995 1510 1044 defectionem

52 1062 452 1128 suscipiendum,
512 1062 680 1127 populi
738 1064 813 1111 sui
867 1063 1156 1127 generalem
1212 1071 1511 1111 conventum

51 1128 223 1190 habuit
254 1129 309 1178 in·
326 1129 607 1177 Wormacia
643 1129 850 1178 civitate.
903 1130 1164 1205 Dilataque
1201 1129 1250 1177 in
1287 1131 1509 1178 futurum

52 1195 392 1274 expeditione,
436 1195 523 1244 illo
558 1212 686 1243 anno
733 1196 867 1245 domi
904 1213 958 1245 se
995 1196 1245 1245 continuit.
1314 1196 1513 1245 Hiema-

51 1262 222 1328 vitque
252 1262 304 1311 in
337 1262 456 1310 villa
490 1262 763 1327 Carisiaco‚
800 1272 945 1328 atque
981 1263 1030 1311 in
1065 1279 1125 1311 ea
1161 1264 1378 1312 natalem
1414 1264 1510 1310 Do·

53 1329 179 1379 mini
211 1337 263 1378 et
290 1335 522 1377 sanctum
570 1330 818 1394 paschalis
860 1331 975 1378 festi
1012 1331 1256 1378 sollemne
1291 1329 1511 1378 celebr-a

54 1395 141 1445 vit.
197 1394 384 1443 Eodem
421 1411 549 1442 anno
585 1396 782 1461 eclipsis
818 1396 937 1445 solis
972 1397 1103 1444 facta
1138 1404 1215 1444 est
1235 1395 1414 1461 primo
1431 1397 1512 1444 die

54 1461 180 1509 Νοιι.
216 1460 319 1509 Ιιιιι.
355 1461 478 1509 hora
521 1469 674 1509 sexta.

121 1527 249 1576 765.
285 1527 393 1575 Hoc
426 1543 554 1574 anno
598 1543 683 1575 rex
719 1528 953 1593 Pippinus
989 1528 1123 1576 domi
1168 1544 1223 1576 se
1258 1527 1512 1592 continuit,

54 1609 218 1659 neque
250 1600 456 1659 propter
488 1594 832 1658 Aquitanicam
869 1594 1080 1658 bellum,
1131 1595 1355 1659 quamvis
1391 1612 1512 1643 non-

56 1659 202 1709 dum
200 1658 432 1724 finitum,
467 1662 609 1724 regni
645 1661 720 1710 sui
751 1662 989 1711 terminos
1025 1678 1258 1726 egressus
1295 1670 1388 1726 est,
1425 1662 1515 1710 sed

55 1727 343 1792 generalem
377 1727 547 1792 populi
583 1728 659 1776 sui
687 1736 984 1776 conventum
1022 1729 1069 1776 in
1097 1729 1341 1777 Attiniaco
1377 1730 1512 1788 villa,

55 1793 263 1842 hiberna
294 1793 593 1858 Aquisgrani
628 1794 827 1858 habuit,
862 1795 945 1842 ubi
981 1803 1031 1843 et
1066 1797 1283 1844 natalem
1316 1795 1515 1843 Domini

58 1867 108 1909 et
141 1859 327 1926 pascha
365 1859 648 1907 celebravit.

143 1926 270 1975 766.
321 1925 553 1990 Pippinus
596 1941 683 1973 rex
728 1934 932 1991 propter
976 1926 1334 1975 conficiendum
1369 1927 1517 1992 Aqui-

56 1991 275 2042 tunicum
300 1991 487 2040 bellum
509 1999 754 2040 conventu
776 1993 1054 2042 Aurelianis
1076 1993 1260 2058 habito,
1297 1994 1346 2041 in
1368 1995 1516 2059 Aqui·

56 2057 242 2111 taniam
286 2059 566 2125 profectus,
614 2059 904 2108 distructum
941 2077 968 2108 a
1004 2060 1239 2108 Waifario
1276 2062 1516 2124 Argento-

57 2123 293 2190 ιιιαςιιιιιί
339 2134 555 2174 castrum
591 2126 895 2191 reaedificat,
943 2127 1268 2192 depositoque
1303 2127 1370 2175 ibi
1405 2145 1517 2176 nec-

59 2206 159 2241 non
206 2199 256 2240 et
300 2191 350 2239 in
396 2191 611 2240 Biturica
658 2192 855 2240 civitate
900 2193 1200 2241 Francorum
1252 2195 1517 2258 praesidio,

58 2257 356 2333 regreditur,
381 2259 697 2322 natalemque
718 2258 912 2306 Domini
936 2258 1313 2324 Salmoncnac12,
1333 2261 1517 2325 pascha

58 2340 177 2405 vero
213 2322 472 2374 Gentiliaci
520 2324 803 2373 celebravit.

116 2390 280 2441 767..
325 2390 446 2439 Orta
469 2392 758 2467 quaestione
795 2391 855 2438 de
892 2399 1059 2440 sancta
1097 2392 1334 2441 Trinitate
1370 2399 1420 2440 et
1456 2393 1518 2441 de

59 2464 345 2521 sanctorum
381 2457 676 2521 imaginibus
718 2459 845 2507 inter
883 2459 1173 2508 orientalem
1210 2467 1261 2509 et
1297 2458 1518 2508 occiden-

61 2523 213 2574 talem
249 2522 538 2587 ecclesiam,
585 2524 634 2572 id
679 2533 756 2573 est
790 2525 1040 2574 Romanos
1077 2534 1127 2574 et
1162 2526 1396 2589 Graecos,
1433 2542 1521 2574 rex

61 2588 325 2669 Pffpinus,
373 2597 617 2639 conventu
653 2591 701 2639 in
739 2591 1010 2640 Gentiliaco
1045 2593 1163 2640 villa
1199 2601 1519 2657 congregato,

68 2686 330 2739 1)·,Μοιωιι
367 2703 388 2727 a
413 2692 540 2728 meridi
544 2703 565 2727 c
590 2698 626 2728 et
650 2703 729 2728 occi
718 2692 839 2729 idente
873 2694 996 2742 oppidi
1022 2692 1286 2732 elimam-oux.
1386 2693 1421 2740 2)
1447 2691 1522 2729 Sa·-

68 2747 199 2786 mouey
219 2750 333 2788 prope
364 2739 580 2788 Lugdunum
591 2739 821 2779 -Clavatum
