1754 3120
3 2119 11 2139 ῐ

0 2155 14 2196 i

3 2262 14 2280 ;

607 244 661 290 Α.
698 243 808 293 813.
844 243 956 292 814.
1443 246 1507 294 67

54 363 306 431 necessit.
393 364 452 412 Et
498 364 559 411 ad
596 363 813 429 suscepti
855 364 994 428 regni
1031 363 1508 413 administrationem

56 439 174 482 m
209 445 473 493 conversa,
519 430 680 494 primo
716 430 990 494 legationes
1024 430 1248 494 gentium
1284 447 1409 496 quae
1445 431 1507 480 ad

54 502 251 564 phem
302 503 567 559 venerant,
621 498 816 545 auditas
869 497 1108 558 absolvit,
1162 498 1284 546 alias
1330 497 1508 547 deinde

54 562 204 614 simili
236 561 384 611 modo
419 561 482 609 ad
506 568 699 626 patrem
734 562 934 627 quidem
968 562 1165 625 missas,
1201 563 1263 610 ad
1298 580 1353 611 se
1387 580 1507 613 vero

55 629 311 691 venientes
329 629 559 693 suscepit.
611 629 745 677 Inter
770 644 892 692 quas
918 627 1080 693 praeci
1120 643 1182 675 ua
1210 628 1303 677 fuit
1323 630 1506 692 legatio

54 688 588 760 Qess'oonstantinopoli
635 695 834 743 directa.
919 696 1045 743 Nam
1133 709 1193 742 eo
1238 695 1508 759 imperator

53 758 138 828 qni
181 760 408 810 Michaeli
451 769 785 824 successerat,
833 760 1040 809 dimisso
1082 761 1369 809 Amalhario
1405 762 1507 827 epi-

52 841 206 894 scopo
241 835 292 876 et
325 827 470 877 Petro
506 827 711 891 abbate,
762 827 844 891 qui
881 827 943 875 ad
979 827 1272 875 Michaelem
1308 826 1506 892 quidem

53 893 224 958 missi,
259 894 321 942 ad
358 910 414 943 se
450 901 614 943 tamen
651 901 916 957 venerunt,
957 894 1150 957 legatos
1187 910 1333 958 su05,
1370 895 1506 944 Chri·

54 961 299 1012 stoforum
332 960 635 1026 spatharium
672 969 722 1009 et
750 959 1045 1023 Gregorium
1082 960 1356 1022 diaconem,
1394 977 1507 1009 cum

54 1026 225 1077 eiffad
259 1025 497 1075 domnum
525 1027 756 1090 Karlum,
793 1035 843 1075 et
878 1043 967 1092 per
1001 1043 1088 1076 eos
1124 1027 1507 1091 descriptionem

52 1100 104 1144 et
138 1092 562 1143 confirmationem
598 1093 727 1159 pacti
764 1109 822 1142 ac
845 1093 1060 1142 foederis
1096 1093 1244 1141 misit.
1315 1093 1505 1152 Quibus

51 1158 295 1226 susceptis
331 1168 478 1225 atque
524 1160 766 1223 dimissis,
814 1160 1025 1208 domnus
1070 1159 1385 1208 Hludowicus
1436 1161 1505 1208 le·

50 1233 196 1291 gatos
257 1242 401 1290 suoS,
463 1226 795 1275 Nordbertum
856 1227 1154 1290 Regiensem
1214 1226 1504 1291 episcopum

52 1299 113 1343 et
142 1290 479 1342 Richowinum
525 1293 814 1342 Patavinum
867 1293 1125 1357 comitem,
1179 1292 1243 1340 ad
1286 1291 1505 1341 Leonem

36 1357 405 1424 ‘imperatorem
445 1359 508 1407 ob
552 1359 887 1408 renovandam
932 1375 1101 1407 secum
1147 1358 1409 1407 amicitiam
1455 1366 1505 1408 et

51 1424 360 1491 praedictum
408 1434 604 1491 pactum
641 1425 1031 1474 confirmandum
1068 1425 1269 1487 direxit3
1314 1425 1503 1473 habito-

51 1507 147 1558 que
188 1492 484 1557 Aquisgrani
541 1493 762 1556 generali
815 1493 984 1557 populi
1029 1492 1104 1540 sui
1150 1498 1395 1540 conventu
1440 1492 1502 1539 ad

50 1557 262 1608 iustitias
296 1559 545 1606 faciendas
581 1568 631 1608 et
651 1559 999 1623 oppressiones
1030 1558 1340 1623 popularium
1377 1558 1502 1605 rele-

48 1624 253 1687 vandus,
288 1625 481 1688 legatos
517 1624 565 1671 in
597 1641 772 1673 omnes
807 1624 949 1688 regni
984 1625 1060 1673 sui
1095 1632 1262 1690 partes
1298 1623 1501 1687 dimisit,

46 1690 388 1740 Bernhardum
423 1706 595 1754 regem
631 1691 828 1753 ltaliae,
872 1699 1106 1766 nepotem
1141 1708 1313 1754 suum,
1350 1690 1410 1738 ad
1447 1706 1501 1739 se
1624 1686 1629 1694 '

49 1762 336 1819 evocatum,
370 1757 659 1804 muneribus
694 1758 932 1805 donatum
968 1775 1016 1805 1n
1050 1774 1259 1821 regnum
1296 1756 1499 1819 remisit,

49 1839 165 1872 cum
210 1822 520 1885 Grimoaldo,
581 1822 1044 1871 Beneventanorum
1095 1823 1247 1886 duce,
1299 1830 1499 1887 pactum

49 1890 167 1940 fecit
198 1897 248 1939 at
286 1905 349 1937 ue
383 1888 622 1952 firmavit,
671 1905 730 1937 eo
766 1890 915 1937 modo
953 1906 1048 1954 quo
1083 1897 1134 1937 et
1168 1897 1334 1954 pater,
1372 1888 1500 1936 scili-

48 1961 128 2005 cet
160 1963 215 2005 ut
289 1955 581 2004 eneventani
616 1955 852 2004 tributum
888 1956 1029 2004 annis
1065 1955 1273 2018 singulis
1308 1960 1499 2018 septem

48 2021 184 2071 milia
219 2022 406 2071 solidos
442 2022 644 2070 darent:
683 2029 798 2070 tunc
831 2023 956 2070 duos
992 2038 1053 2069 ex
1088 2022 1200 2069 filiis
1235 2020 1355 2082 suis,
1385 2021 1500 2068 Hlo·

46 2088 262 2139 tharium
310 2088 361 2136 in
412 2087 717 2151 Baioariam,
771 2089 1031 2154 Pippinum
1085 2088 1132 2135 in
1189 2086 1500 2150 Aquitaniam

46 2154 193 2204 misit.
268 2154 534 2202 Harioldus
581 2161 631 2201 et
678 2155 993 2217 Reginfridus
1040 2169 1186 2216 reges
1229 2154 1498 2215 Danorum,

48 2220 131 2287 qui
165 2236 294 2269 anno
330 2219 586 2285 superiore
622 2237 646 2268 a
684 2219 798 2269 filiis
819 2219 1074 2269 Godofridi
1107 2219 1222 2266 victi
1258 2227 1307 2267 et
1342 2235 1497 2281 regno

6 2296 17 2360 ξ
45 2286 175 2363 pulsi
209 2287 436 2362 fuerunt,
474 2286 951 2360 reparatis-viribus,
988 2285 1165 2359 iterum
1203 2285 1275 2333 eis
1311 2283 1498 2332 bellum

5 2367 17 2419 ς
47 2354 341 2416 intulerunt3
378 2370 428 2402 in
464 2369 559 2417 quo
596 2352 822 2401 conflictu
860 2360 908 2401 et
934 2350 1252 2415 Reginfridus
1288 2357 1336 2398 et
1371 2366 1498 2399 unus

46 2419 110 2469 de
145 2418 259 2471 filiis
293 2419 565 2482 Godofridi,
601 2419 680 2483 qui
706 2420 862 2467 maior
897 2425 1015 2466 natu
1050 2424 1174 2479 erat,
1210 2417 1497 2465 interfectus

12 2486 137 2544 {est
223 2485 333 2545 Quo
378 2486 533 2548 facto,
587 2486 850 2534 Hei-ioldus
901 2484 1051 2533 rebus
1102 2484 1204 2532 suis
1249 2482 1496 2547 diffidens,

0 2531 22 2615 ἕξ
45 2552 109 2602 ad
142 2552 492 2617 imperatorem
527 2551 685 2614 venit,
727 2560 775 2600 et
810 2568 865 2601 se
900 2552 949 2599 in
986 2567 1163 2600 manus
1198 2550 1328 2598 iuius
1365 2566 1497 2598 com-

0 2617 17 2713 ἱ,

0 2714 7 2735 ι
45 2693 97 2735 et
117 2692 412 2751 oportunum
442 2692 638 2749 tempus
669 2693 929 2751 expectare
965 2685 1122 2748 iussit,
1158 2700 1253 2749 quo
1291 2683 1351 2746 ei,
1373 2685 1497 2732 sicut

7 2814 9 2818 ⁷
21 2814 34 2827 θ

44 2617 323 2680 mondavit,
371 2633 519 2683 quem
562 2618 644 2666 ille
691 2626 977 2683 susceptum
1023 2618 1071 2665 in
1109 2616 1371 2666 Saxoniam
1410 2617 1497 2679 ire,

44 2750 283 2817 petierat,
319 2751 552 2800 auxilium
590 2751 719 2800 ferre
757 2751 1010 2816 potuisset.

1030 2841 1095 2888 5*
