1754 3120
623 180 679 228 A.
715 177 827 228 787.
862 176 975 228 788.
1444 179 1504 230 31

0 315 1 318 ’
63 302 306 366 ᾱῃοεηιο,
348 301 398 349 in
443 299 562 348 villa
597 315 722 365 quae
756 306 960 348 vocatur
995 297 1345 363 lngilunheim,
1398 299 1514 364 quia

64 369 134 421 ibi
165 369 498 430 hiemaverat,
543 374 593 415 et
640 367 856 415 natalem
890 365 1087 414 Domini
1131 372 1184 415 et
1216 365 1400 431 pascha
1435 382 1513 415 ce-

52 434 290 487 ·lebravit.
415 455 425 458 <

74 531 80 534 -
163 501 280 554 788.
313 500 439 551 Cum
473 498 523 546 in
557 495 735 545 eadem
763 497 879 545 villa
915 497 1201 560 generalem
1235 499 1404 563 populi
1439 498 1516 547 sui

67 572 502 631 regaeoouventum
559 561 668 610 fieri
713 563 1043 626 decrevisset,
1096 578 1155 609 ac
1206 565 1516 613 Tassilonem

68 635 245 693 mm
271 632 398 682 sicut
422 638 473 679 et
502 637 727 679 caeteros
763 645 937 679 vassos
964 644 1083 678 suos
1118 628 1166 676 in
1203 631 1381 678 eodem
1403 647 1516 679 con-

63 696 221 751 Μ
252 698 430 748 adesse
464 697 715 761 iussisset,
751 704 898 762 atque
931 696 1032 759 ille⁷
1068 701 1123 743 ut
1157 697 1202 744 ei
1232 697 1393 746 fuerat
1428 697 1518 744 im·

26 771 320 834 ''‘pumtum,
372 764 434 812 ad
479 764 613 828 regis
662 763 994 828 praesentiam
1038 763 1375 827 pervenisset,
1428 763 1518 811 cri·

65 828 203 882 nithe
236 832 509 881 maiestatis
542 846 572 877 a
598 829 835 878 Baioariis
870 837 1128 878 accusatus
1165 837 1256 878 est.
1325 829 1519 879 Obicie-

67 898 190 948 haut
221 898 294 964 ei,
330 896 461 963 quod
482 903 744 962 postquam
778 895 936 944 filium
970 911 1115 944 suum
1151 895 1377 945 obsidem
1413 897 1520 961 regi

70 964 302 1027 deflent,
361 963 601 1012 suadente
653 962 864 1026 coniuge
912 978 1001 1011 sua
1047 961 1341 1027 Liutberga.,
1394 979 1521 1028 quae

69 1029 173 1098 fllia
213 1028 455 1080 Desiderii
504 1029 638 1094 regis
684 1029 1123 1094 Langobardorum
1161 1029 1278 1093 fuit,
1323 1037 1374 1078 et
1409 1037 1523 1096 post

69 1097 225 1175 patris
256 1096 460 1146 exilium
495 1095 692 1144 Francis
737 1096 1075 1145 inimicissima
1111 1111 1311 1162 semper
1345 1096 1522 1161 extitit,

70 1163 507 1214 m‘·adversitatem
543 1163 701 1226 regis,
754 1171 805 1212 et
851 1171 904 1211 ut
947 1162 1134 1210 bellum
1170 1170 1340 1212 contra
1373 1163 1523 1212 Fran-

70 1228 498 1296 boususciperent,
533 1230 790 1278 Hunorum
815 1237 1019 1292 gentem
1044 1230 1326 1278 concitaret.
1380 1229 1525 1289 Quod

69 1310 248 1347 verum
268 1298 443 1361 fuisse,
478 1312 647 1344 rerum
682 1297 730 1344 in
766 1297 945 1344 eodem
962 1312 1090 1344 anno
1126 1305 1382 1359 gestarum
1410 1313 1524 1362 pro-

62 1361 210 1413 ·bavit
243 1371 465 1412 eventus.
537 1362 885 1411 Obiciebantur
918 1363 963 1410 ei
999 1370 1050 1411 et
1085 1363 1179 1410 alia
1215 1364 1452 1428 conplura
1477 1371 1526 1412 et

74 1429 205 1479 dicta
240 1438 290 1478 et
326 1430 479 1492 facta,
529 1445 654 1493 quae
698 1447 796 1477 non
844 1429 936 1477 nisi
985 1428 1045 1476 ab
1083 1428 1280 1478 inimico
1315 1437 1366 1478 et
1398 1429 1524 1478 irato

74 1496 157 1545 vel
198 1494 308 1544 fieri
351 1497 433 1544 vel
482 1495 692 1560 proferri
729 1503 982 1560 poterant,
1030 1511 1238 1559 quorum
1274 1511 1336 1543 ne
1371 1512 1525 1544 unum

73 1561 281 1628 quidem
313 1561 510 1610 infitiari
546 1562 722 1626 coepit.
792 1561 891 1610 Sed
927 1577 1085 1609 noxae
1119 1563 1390 1627 convictus,
1427 1579 1525 1611 uno

73 1627 296 1678 omnium
342 1628 555 1676 adsensu
602 1635 656 1675 ut
699 1628 972 1677 maiestatis
1021 1643 1135 1677 reus
1182 1629 1376 1695 capitali
1415 1645 1527 1678 sen-

75 1694 532 1744 tentia·damnatus
580 1702 669 1743 est.
762 1695 862 1743 Sed
917 1694 1180 1743 clementia
1234 1696 1368 1760 regis
1412 1696 1529 1744 licet

76 1759 227 1809 morti
289 1760 539 1808 addictum
599 1760 810 1808 liberare
860 1761 1063 1810 curavit.
1159 1762 1287 1810 Nam
1338 1770 1526 1811 mutato

78 1826 250 1876 babitu
293 1826 344 1875 in
379 1827 738 1874 monasterium
772 1826 955 1875 missus
991 1834 1095 1888 est,
1142 1827 1226 1875 ubi
1270 1836 1371 1877 tam
1415 1829 1528 1876 reli·

78 1893 222 1956 giose
265 1891 412 1954 vixit,
458 1908 606 1957 quam
651 1892 862 1940 libenter
903 1892 1118 1942 intravit.
1197 1893 1436 1943 Similiter
1479 1902 1531 1944 et

77 1958 306 2022 Theodo‚
354 1957 483 2007 filius
519 1959 653 2021 eius,
697 1966 869 2007 tonsus
905 1967 955 2007 et
990 1960 1291 2009 monasticae
1327 1977 1530 2009 conver·

78 2022 257 2076 sationi
291 2025 600 2091 mancipatus
636 2032 725 2074 est.
794 2025 1003 2073 Baioarii
1039 2043 1263 2091 quoque⁷
1301 2028 1381 2092 qui
1417 2043 1529 2093 per-

81 2091 228 2141 fidiae
251 2106 310 2140 ac
345 2091 530 2140 fraudis
556 2107 730 2140 eorum
761 2093 942 2141 conscii
964 2100 1013 2141 et
1037 2095 1354 2143 consentanei
1378 2095 1530 2144 fuisse

0 2155 4 2158 ’
80 2156 267 2224 reperti
306 2165 447 2221 sunt,
495 2157 641 2205 exilio
683 2174 773 2222 per
806 2159 1003 2207 diversa
1037 2159 1145 2208 loca
1178 2160 1530 2224 religabantur.

81 2223 212 2274 Huni
256 2238 405 2287 vero,
457 2222 585 2272 sicut
632 2224 873 2272 Tassiloni
926 2225 1288 2290 promiserunt,
1339 2227 1530 2275 duobus

81 2289 378 2340 exercitibus
405 2290 718 2355 comparatis,
753 2307 850 2338 uno
883 2306 1102 2339 marcam
1125 2291 1531 2356 Foroiuliensem,

82 2357 243 2407 altero
274 2355 550 2405 Baioariam
586 2357 810 2420 adgressi
845 2365 980 2420 sunt3
1024 2357 1114 2406 sed
1143 2359 1341 2408 frustra.
1405 2359 1532 2407 Nam

31 2453 34 2460 ,
82 2422 134 2472 iu
169 2429 380 2488 utroque
406 2423 515 2472 loco
553 2422 662 2472 victi
687 2423 942 2489 fugatique
977 2432 1108 2489 sunt,
1144 2432 1196 2473 et
1229 2426 1398 2475 multis
1418 2441 1531 2474 suo-

81 2500 197 2541 rum
243 2489 464 2554 amissiS‚
513 2505 624 2538 cum
669 2506 851 2555 magno
886 2491 1066 2539 damno
1112 2491 1174 2539 ad
1210 2492 1318 2541 loca
1353 2508 1441 2541 sua
1478 2507 1533 2541 se

70 2555 387 2623 'receperunt
467 2555 628 2615 Quam
663 2556 890 2605 iniuriam
925 2558 1062 2607 velut
1091 2558 1408 2621 vindicaturi,
1446 2557 1532 2607 ite-

101 2675 105 2686 :
146 2636 198 2671 m
232 2621 509 2672 Baioariam
543 2623 811 2673 maioribus
847 2639 903 2672 co
943 2624 1000 2673 iis
1035 2626 1306 2690 petierunt,
1359 2624 1448 2672 sed
1484 2624 1533 2672 in

148 2689 159 2699 '
217 2705 246 2738 a
279 2690 631 2754 congressione
665 2691 794 2756 pulsi
829 2707 857 2739 a
932 2691 1153 2756 aioariis,
1193 2700 1242 2740 et
1277 2692 1533 2740 innumera
