1754 3120
255 207 286 253 2
675 205 973 255 EINHARDI
1011 205 1296 257 ANNALES

258 325 558 388 habuerunt,
603 325 875 375 diviserunt
909 326 1037 376 inter
1070 342 1126 377 se
1163 328 1209 375 in
1247 328 1354 377 loco
1389 331 1471 395 qui
1506 338 1709 380 vocatur

258 394 408 442 Vetus
431 390 695 440 Pictavis¹:
733 393 1008 459 eodemque
1045 409 1172 443 anno
1210 403 1471 460 postquam
1505 397 1708 446 domum

259 458 474 522 regressi
518 466 656 522 sunt,
701 460 1064 509 Karloinannus
1109 461 1451 510 Alamanniam
1498 478 1623 528 quae
1657 470 1709 512 et

260 526 361 590 ipsa
409 541 436 571 a
483 525 784 574 Francorum
827 527 1060 576 societate
1097 526 1372 591 defecerat7
1422 545 1534 577 cum
1569 545 1708 578 exer-

259 593 355 640 citu
392 591 677 655 ingressus,
724 594 857 640 ferro
895 602 943 642 et
977 594 1078 658 igni
1115 595 1337 644 vastavit.

358 658 467 707 743.
521 659 885 706 Kariomannus
941 665 991 706 et
1043 659 1276 724 Pippinus
1325 659 1504 710 iunctis
1554 660 1708 727 copiis

258 732 425 772 contra
463 723 727 772 Odilonem
763 724 940 772 ducem
965 724 1303 775 Baioariorum
1337 727 1545 792 profecti
1575 735 1708 790 sunt⁷

257 790 542 855 proelioque
591 791 857 839 commisso
906 791 1176 839 exercitum
1213 792 1318 840 eius
1354 793 1610 856 fuderunt3
1662 800 1711 841 et

256 864 518 921 postquam
555 857 668 904 inde
697 857 883 906 reversi
919 866 1050 920 sunt,
1087 859 1452 909 Karlomannus
1489 861 1626 909 solus
1660 858 1708 906 in

257 922 520 971 Saxoniam
568 925 819 988 profectus
868 931 967 987 est⁷
1022 931 1071 972 et
1115 933 1331 974 castrum
1367 926 1498 992 quod
1533 926 1710 974 dicitur

257 989 620 1053 Hohseoburg²
655 997 704 1038 et
731 991 778 1038 in
808 1006 867 1038 eo
891 990 1249 1039 Theodericum
1277 986 1708 1057 Saxonem‚‘'illius

258 1056 349 1104 loci
388 1056 699 1121 primarium,
737 1056 785 1104 in
822 1057 1124 1106 deditionem
1161 1058 1364 1124 accepit.

356 1123 469 1172 744.
526 1123 647 1172 {tem
683 1123 815 1172 idem
852 1125 1031 1173 fratres
1066 1125 1429 1173 Karlomannus
1464 1131 1514 1172 et
1547 1121 1710 1188 Pippi-

257 1206 348 1237 nus
393 1190 556 1238 iuncta
604 1206 754 1238 manu
802 1190 1071 1239 Saxoniam
1115 1191 1330 1255 ingressi
1378 1197 1522 1254 sunt,
1568 1191 1710 1255 prae-

256 1255 539 1320 dictumque
566 1257 925 1306 Theodericum
950 1258 1129 1306 iterum
1156 1258 1207 1306 in
1236 1257 1538 1306 deditionem
1572 1271 1709 1304 acce-

290 1330 447 1370 erunt.
1655 1342 1658 1346 ’

254 1340 285 1387 p
357 1387 500 1438 745.³
555 1389 660 1437 Hoc
694 1403 821 1436 anno
858 1389 1244 1453 Karlomannus‚
1289 1388 1419 1453 quod
1459 1388 1548 1437 diu
1593 1394 1711 1436 ante

255 1454 644 1520 praemeditatus
668 1463 760 1519 est,
797 1455 1030 1519 patefecit
1056 1456 1197 1504 fratri
1232 1472 1323 1504 suo
1351 1454 1573 1521 pippino,
1603 1454 1710 1502 sae-

258 1523 476 1570 cularem
513 1521 940 1570 conversationem
988 1537 1042 1570 se
1088 1523 1219 1570 velle
1256 1522 1503 1571 dimittere
1538 1527 1591 1569 et
1622 1520 1710 1567 ha-

257 1588 361 1637 bitu
397 1589 685 1637 monachico
722 1588 825 1636 Deo
861 1589 1064 1636 servire.
1135 1589 1344 1654 Propter
1377 1588 1472 1636 hoc
1507 1586 1711 1635 dimissa

258 1655 571 1720 expeditione
619 1656 734 1703 anni
775 1655 1078 1720 praesentis7
1131 1656 1194 1703 ad
1240 1662 1355 1704 vota
1390 1653 1711 1703 Karlomanni

257 1721 557 1788 perficienda
593 1731 642 1771 et
678 1723 772 1770 iter
806 1721 938 1770 illius
976 1722 1338 1787 disponendum
1369 1748 1438 1756 —-
1471 1736 1590 1769 nam
1615 1721 1711 1768 Ro-

259 1805 393 1837 mam
441 1788 682 1853 proficisci
731 1795 972 1836 statuerat
1022 1815 1087 1823 —-
1134 1788 1463 1853 et-Pippinus·
1486 1786 1711 1849 vacabat,

258 1856 380 1904 dans
418 1871 638 1920 operam7
673 1863 727 1904 ut
764 1856 918 1903 frater
944 1854 1215 1903 honorifice
1251 1871 1309 1903 ac
1343 1854 1576 1902 decenter
1596 1852 1712 1916 illo,

259 1939 355 1988 quo
393 1921 729 1982 desiderabat,
774 1921 1069 1985 perveniret.

320 2036 321 2039 ,
358 1989 472 2037 746.
525 1989 889 2036 Karlomannus
932 1987 1142 2035 Romam
1177 1987 1459 2051 profectus,
1506 1983 1713 2033 dimissa

258 2055 498 2104 saeculari
534 2055 693 2118 gloria
729 2054 950 2103 habitum
986 2053 1210 2117 mutavit⁷
1246 2059 1297 2101 et
1332 2053 1382 2100 in
1418 2059 1587 2101 monte
1621 2051 1711 2100 So·

259 2119 412 2170 racti4
436 2121 790 2171 monasterium
821 2120 870 2168 in
887 2121 1131 2169 honorem
1154 2119 1309 2168 sancti
1333 2118 1558 2167 Silvestri
1579 2117 1712 2166 aedi·

259 2188 446 2251 ficavst,
492 2188 576 2236 ubi
612 2187 861 2253 quondam
904 2195 1130 2253 tempore
1164 2185 1552 2252 persecutionis,
1586 2200 1712 2251 quae

263 2301 294 2346 1)
319 2300 636 2338 Vieux—Poitiers
662 2301 707 2337 ad
721 2300 908 2343 Clennum,
934 2313 1008 2337 non
1033 2301 1142 2347 longe
1168 2300 1213 2336 ab
1239 2298 1317 2337 eius
1343 2305 1380 2336 et
1403 2295 1592 2346 vigennae
1617 2303 1713 2336 con-

259 2350 466 2386 fluentibus.
562 2351 597 2396 2)
623 2349 918 2396 Hoch-Seeburg
941 2349 978 2384 in
1004 2360 1097 2396 pago
1123 2347 1241 2384 Hohsi
1257 2375 1266 2390 ,
1291 2348 1364 2383 iam
1389 2340 1557 2394 Seeburg-¹
1574 2346 1617 2382 ‘in
1640 2357 1712 2382 oo-

261 2398 386 2434 mitatu
422 2398 686 2442 Mansseldico,
712 2398 758 2434 ad
793 2397 950 2434 confinia
977 2395 1156 2433 Saxoniae
1193 2402 1229 2432 et
1253 2394 1391 2432 Thurin
1419 2396 1475 2432 iae
1502 2394 1711 2439 Francius-e,

261 2446 356 2481 inter
381 2447 605 2483 occidentem
638 2453 674 2483 et
699 2445 888 2483 meridiem
914 2444 1031 2481 Halae
1063 2443 1257 2481 Saxonum.
1378 2447 1400 2483 3
1439 2442 1599 2480 narratio
1625 2444 1711 2480 anni

259 2497 331 2532 745
357 2495 535 2531 excidisse
559 2496 720 2538 videtur,
747 2507 829 2530 nam
854 2505 947 2543 quae
973 2493 1043 2529 iam
1069 2499 1268 2542 sequuntur
1291 2503 1366 2528 non
1390 2493 1494 2528 annis
1518 2493 1603 2535 745,
1626 2492 1711 2534 746,

262 2545 344 2586 747,
384 2545 467 2586 748.
494 2546 577 2587 749,
605 2547 676 2582 750
709 2544 772 2580 sed
811 2542 1045 2591 sequentibus
1078 2544 1162 2585 746,
1188 2544 1272 2583 747,
1298 2543 1383 2585 748,
1409 2542 1492 2584 749,
1517 2543 1605 2583 750,
1638 2543 1707 2579 751

260 2591 477 2638 adsignanda
502 2598 595 2627 sunt.
647 2590 702 2627 Cf.
729 2591 887 2627 Annales
912 2592 1051 2632 breves,
1078 2597 1113 2626 et
1137 2590 1381 2626 narrationem
1406 2589 1452 2625 de
1477 2588 1712 2624 transl-tione

260 2641 375 2676 sancti
401 2639 572 2685 Germani
599 2640 695 2687 apud
720 2639 888 2687 Bouquet
912 2638 956 2674 V.
981 2641 1065 2681 426,
1090 2651 1161 2687 qua
1187 2644 1380 2676 eventuum
1405 2638 1518 2674 series
1544 2642 1713 2678 accurate

261 2687 441 2725 definitur.
550 2689 586 2736 4)
614 2689 869 2725 monasterium
894 2689 968 2723 San
991 2689 1162 2724 Silvo-stro
1197 2689 1235 2722 in
1261 2692 1383 2723 monte
1407 2683 1711 2734 Soractisqtmm

262 2733 415 2771 Romani
441 2742 555 2774 monle
583 2738 706 2773 oreste
731 2743 879 2779 vocant,
913 2736 1094 2783 hodieque
1119 2741 1225 2772 extat.
1644 2758 1646 2763 »
