1754 3120
631 227 686 273 A.
723 224 834 274 825.
869 224 982 274 826.
1466 225 1530 274 93

82 354 139 398 nt
179 347 289 398 sine
333 362 586 395 morarum
631 346 1003 412 interpositione
1047 344 1370 393 terminorum
1411 343 1531 391 defi-

83 413 202 469 fflo
232 412 595 476 fieret,‚ivel-›si
631 413 725 461 hoc
760 429 856 460 non
893 412 1138 476 placeret,
1173 427 1290 459 suos
1325 409 1531 475 quisque

0 535 2 537 ,
81 480 322 534 &minos
356 481 464 528 sine
498 479 632 542 pacis
668 479 869 526 foedere
904 484 1135 526 tueretur.
1205 477 1293 526 Cui
1322 476 1532 541 impera-

0 546 5 552 ’
82 553 179 612 lor,
205 547 324 614 -quia
362 547 490 593 fama
526 552 635 592 erat
666 544 992 605 Bulgarorum
1027 558 1197 605 regem
1234 559 1262 591 a
1298 559 1387 591 suo
1414 559 1533 607 quo-

83 612 472 678 dux-femimam
517 617 602 657 aut
635 625 789 672 regno
837 609 1036 673 pulsum
1072 616 1155 655 aut
1202 609 1533 672 interiectum,

82 676 644 744 mpondereuistulit3
691 676 873 739 illoque
907 684 1169 739 expectare
1214 674 1376 737 iusso,
1422 692 1533 739 pro-

81 752 196 810 pter
241 745 406 794 famae
438 743 780 791 certitudinem
825 740 1225 806 comperiendam
1260 740 1535 789 Bertricum

18 837 23 842 ·
83 810 253 878 palatii
288 810 519 859 comitem
555 809 617 856 ad
651 808 930 856 Baldricum
959 814 1007 855 et
1031 806 1301 855 Geroldum
1327 808 1535 855 comites

13 899 19 903 ·
83 884 139 927 et
164 877 369 927 Avarici
414 875 584 924 limitis
628 874 858 923 custodes
902 874 950 920 in
987 874 1377 922 Cal-antanorum
1421 890 1535 938 pro·

0 1002 1 1005 Ἴ
82 943 296 993 vinciam
330 942 490 1004 misit,
534 941 615 1006 qui
653 957 765 989 cum
802 956 1032 989 reversus
1068 940 1187 987 nibil
1222 941 1341 987 certi
1386 955 1536 1005 super

84 1009 172 1061 bie·
205 1025 334 1075 quae
378 1010 509 1057 fama
555 1008 845 1070 vulgaverat
893 1012 1218 1071 reportasset,
1267 1007 1537 1070 imperator

67 1075 305 1140 ,legatum
340 1075 403 1123 ad
437 1090 493 1123 se
528 1083 786 1122 evocatum
815 1074 920 1120 sine
947 1073 1124 1127 litteris
1150 1088 1373 1120 remeare
1403 1073 1533 1121 fecit.

0 1143 2 1146 ’
83 1128 277 1192 Interea
313 1141 545 1206 Pippinus
579 1156 692 1202 rex,
737 1139 868 1187 filius
903 1138 1239 1203 imperatoris,
1285 1146 1339 1186 ut
1374 1139 1536 1187 iussus

84 1215 211 1271 erat,
242 1223 355 1256 cum
391 1207 494 1256 suis
530 1206 846 1270 optimatibus
882 1212 931 1252 et
966 1204 1214 1269 Hispanici
1252 1205 1420 1253 limitis
1455 1222 1534 1253 cu-

85 1273 310 1325 stodibus
351 1273 477 1321 circa
513 1273 759 1320 Kalendas
794 1271 1085 1319 Februarias
1128 1272 1436 1335 Aquasgrani
1471 1299 1537 1308 —

86 1355 204 1388 uam
237 1339 305 1400 ibi
339 1347 456 1388 tunc
490 1339 759 1404 imperator
793 1338 1097 1386 hiemaverat
1130 1365 1196 1372 —
1231 1337 1389 1399 venit,
1426 1354 1538 1385 cum

86 1405 264 1471 quibus
298 1422 410 1454 cum
446 1405 508 1452 de
543 1406 738 1454 tuendis
773 1411 943 1452 contra
978 1404 1278 1452 Sarracenos
1314 1404 1538 1452 occiden-

88 1471 261 1522 talium
296 1472 508 1537 partium
555 1471 732 1520 finibus
776 1479 909 1519 esset
947 1476 1204 1518 tractatum
1252 1478 1398 1534 atque
1440 1470 1536 1518 dis-

86 1539 319 1604 positum,
357 1538 589 1603 Pippinus
624 1539 671 1586 in
706 1538 1018 1600 Aquitaniam
1054 1551 1342 1598 regressus,
1379 1544 1537 1599 aesta-

0 1626 3 1641 ·
87 1613 192 1654 tem
241 1605 292 1653 in
341 1604 575 1669 deputato
623 1603 715 1652 sibi
762 1604 869 1650 loco
921 1602 1173 1664 transegit.
1263 1603 1539 1666 Imperator

0 1675 4 1713 ἰ
87 1686 208 1724 vero
240 1669 406 1718 medio
442 1686 614 1718 mense
649 1669 777 1717 Maio
813 1668 965 1733 Aquis
1002 1684 1253 1731 egressus,
1290 1669 1417 1716 circa
1444 1671 1537 1717 Ka-

88 1736 264 1785 lendas
308 1736 431 1783 lunii
477 1736 539 1783 ad
585 1735 914 1798 lngilunbeim
961 1735 1119 1797 venit,
1168 1735 1431 1799 habitoque
1474 1735 1539 1782 ibi

0 1853 3 1864 ‚
89 1809 332 1853 conventu
367 1818 465 1849 non
500 1801 711 1862 modico,
744 1801 927 1848 multas
963 1809 1013 1848 et
1046 1817 1104 1847 ex
1142 1801 1351 1849 diversis
1386 1808 1541 1849 terra-

90 1884 204 1917 rum
236 1867 456 1934 partibus
492 1868 669 1915 missas
705 1867 981 1930 legationes
1015 1865 1201 1914 audivit
1236 1873 1286 1914 et
1315 1866 1539 1916 absolvit.

6 1998 9 1999 ⁷
90 1935 225 1985 luter
258 1950 380 2000 quas
419 1933 682 1998 praecipua
728 1932 1031 1997 caeterisque
1074 1933 1389 1997 praeminens
1434 1942 1541 1982 erat

91 1999 275 2065 legatio
301 2007 501 2049 sanctae
529 2000 662 2047 sedis
684 1999 1001 2063 apostolicae,
1037 1999 1287 2047 Romanae
1312 1999 1542 2047 videlicet

90 2066 389 2129 aecclesiae,
437 2081 532 2129 qua
581 2065 912 2128 fungebantur
954 2065 1053 2111 Leo
1101 2066 1542 2114 Centumcellensis

154 2132 355 2198 iscopus
389 2139 438 2179 et
472 2131 804 2179 Theofilactus
839 2131 1202 2193 nomenclator,
1249 2139 1299 2180 et
1334 2132 1396 2179 de
1432 2149 1541 2197 par-

91 2198 127 2249 ti
164 2214 231 2247 us·
256 2197 596 2246 transmarinis
630 2197 915 2244 Dominicus
950 2195 1103 2244 abbas
1138 2197 1200 2244 de
1234 2206 1404 2246 monte
1440 2199 1541 2246 Oli-

93 2263 213 2328 veti,
247 2263 399 2327 legati
433 2279 626 2327 quoque
662 2262 875 2310 filiorum
912 2262 1184 2325 Godofridi,
1221 2263 1354 2324 regis
1382 2264 1541 2312 Dano-

91 2345 225 2394 rum,
257 2329 392 2396 pacis
426 2345 485 2377 ac
519 2329 735 2377 foederis
770 2346 919 2378 causa
954 2329 1150 2390 directi,
1188 2336 1238 2376 et
1273 2329 1334 2376 de
1370 2329 1541 2378 Slavo-

93 2412 204 2446 rum
239 2395 524 2460 regionibus
558 2395 754 2460 quidam
778 2395 1123 2444 Abodritorum
1160 2394 1402 2458 primores
1422 2397 1542 2445 Cea-

15 2510 16 2513 ,
93 2462 303 2526 dragum
338 2461 513 2510 ducem
549 2478 692 2510 suum
734 2470 1034 2511 accusantes.
1114 2462 1448 2510 Accusabatur
1495 2470 1544 2510 et

94 2529 317 2593 Tunglo,
363 2543 490 2576 unus
524 2527 586 2576 de
621 2528 921 2578 Soraborum
959 2526 1284 2594 primoribus,
1327 2529 1456 2592 quod
1494 2536 1544 2576 et

0 2607 3 2614 '
93 2593 203 2661 ipse
237 2593 366 2643 dicto
402 2593 606 2642 audiens
642 2590 738 2642 non
775 2602 922 2643 esset.
992 2596 1212 2653 Quorum
1239 2594 1429 2657 utrique
1457 2594 1540 2642 de-

0 2674 8 2684 '
97 2661 373 2711 nuntiatum
410 2668 500 2724 est,
537 2661 667 2725 quod
703 2661 744 2709 si
781 2661 943 2709 medio
969 2660 1200 2709 Octobrio
1238 2661 1298 2707 ad
1334 2661 1542 2725 impera·

97 2727 219 2776 toris
252 2727 536 2791 generalem
572 2735 866 2775 conventum
904 2728 1071 2775 venire
1106 2727 1393 2788 distulisset,
1430 2743 1542 2775 con-
