1754 3120
672 149 727 196 A.
762 147 1043 198 776—778.
1521 151 1583 200 19

128 283 192 320 en
222 267 512 319 condicione
547 275 664 317 tunc
692 269 891 317 veniam
925 267 1148 335 accipere
1173 277 1504 334 mererentur,
1539 272 1581 319 si

128 334 336 393 uberius
371 351 462 384 sua
495 341 677 384 statuta
712 334 971 400 violarent,
1007 343 1057 385 et
1091 335 1251 401 patria
1285 343 1335 385 et
1354 335 1582 386 libertate

125 401 455 471 privarentur.
531 400 783 465 Baptizata
830 409 907 451 est
941 419 1002 451 ex
1037 402 1108 451 eis
1146 401 1331 450 ibidem
1365 403 1582 452 maxima

126 466 408 531 multimdo,
443 481 568 531 quae
589 482 660 530 se,
690 469 916 531 quamvis
950 469 1094 532 falso,
1130 468 1448 518 christianam
1473 468 1582 518 fieri

129 534 261 594 vesse
289 533 601 600 promiserat.
656 533 798 582 Venit
833 533 882 581 in
918 534 1095 580 eodem
1132 535 1241 582 loco
1277 551 1335 582 ac
1356 543 1582 602 tempore

195 598 359 664 ⁴503ss
392 598 725 674 praesentiam
772 599 834 647 de
869 599 1104 665 Hispania
1140 599 1442 651 Sarracenus
1478 603 1581 667 qui·

139 675 141 677 ’
180 662 186 677 ”
345 681 479 714 mine
504 665 798 714 lbinalarabi
834 682 947 714 cum
981 666 1091 715 aliis
1110 665 1399 715 Sarracenis
1435 669 1582 716 sociis

77 730 97 739 “
124 731 260 797 suis,
296 732 484 782 dedens
519 748 573 781 se
609 748 667 780 ac
702 732 950 795 civitates,
987 732 1164 798 quibus
1198 749 1313 781 eum
1347 749 1435 781 rex
1468 734 1582 783 Sar-

121 797 420 849 ‘racenorum
463 800 780 864 praefecerat.
859 799 1045 847 Idcirco
1081 815 1196 863 rex,
1242 806 1443 865 peracto
1479 815 1584 848 me·

128 873 323 916 morato
358 872 619 927 conventu,
657 864 707 912 in
743 864 904 914 Gallia
939 881 1198 927 reversus,
1234 867 1452 915 natalem
1486 866 1583 914 Do-

128 931 258 994 mini.
282 932 335 980 in
365 928 632 980 Dutciaco¹
665 931 812 995 villa,
859 932 1044 997 pascha
1081 948 1201 980 vero
1238 932 1287 980 in
1321 933 1583 997 Aquitania

127 997 259 1065 apud
293 996 675 1048 cassinoillum2
709 997 991 1048 celebravit.

228 1063 343 1114 778.
394 1065 531 1113 Tunc
572 1081 633 1112 ex
675 1066 995 1130 persuasione
1040 1063 1277 1130 praedicti
1322 1064 1583 1113 Sarraceni

125 1146 270 1198 spem
315 1131 664 1196 capiendarum
700 1132 1008 1196 quarundam
1057 1132 1106 1179 in
1142 1130 1380 1196 Hispania
1415 1130 1583 1180 civita·

126 1204 233 1248 tum
265 1198 399 1247 haud
435 1198 617 1247 frustra
653 1199 962 1263 concipiens,
1008 1206 1312 1262 congregato
1349 1197 1583 1260 exercitu,

162 1265 378 1315 refectus
425 1273 529 1329 est,
573 1272 904 1331 superatoque
947 1266 996 1313 in
1042 1264 1248 1329 regione
1285 1265 1584 1313 Wasconum

126 1281 324 1394 gyrinei
358 1331 504 1395 iugo,
541 1332 702 1396 primo
737 1332 1090 1396 pompelonem
1126 1333 1462 1379 Navarrorum
1497 1346 1584 1396 op·

128 1395 300 1511 &um
333 1396 627 1461 adgressus,
663 1398 711 1445 in
748 1398 1050 1447 deditionem
1085 1397 1286 1462 accepit.
1354 1397 1475 1445 Inde
1499 1397 1584 1444 Hi·
1632 1429 1664 1462 Γ,

193 1478 306 1511 rum
324 1478 524 1511 amnem
553 1464 681 1512 vado
703 1464 948 1527 traiciens,
978 1465 1424 1526 Caesaraugustam
1443 1478 1584 1528 prae·
1612 1467 1680 1505 κὰρ
1719 1477 1734 1497 ²

128 1529 325 1595 cipuam
342 1529 542 1577 illarum
568 1530 780 1594 partium
814 1530 1062 1579 civitatem
1086 1529 1311 1594 accessit,
1349 1529 1584 1596 acceptis-

126 1611 223 1662 que
271 1611 396 1660 quos
442 1595 737 1644 lbinalarabi
790 1604 840 1645 et
883 1596 1166 1659 Abuthaur,
1229 1612 1450 1661 quosque
1503 1596 1583 1643 alii

127 1662 328 1728 quidam
362 1662 623 1712 Sarraceni
670 1663 957 1712 obtulerunt
991 1663 1272 1724 obsidibus,
1324 1664 1584 1727 Pompelo·

129 1743 246 1778 nem
278 1730 557 1777 revertitur.
627 1730 778 1778 Cuius
803 1746 1000 1794 muros,
1036 1746 1100 1778 ne
1129 1729 1372 1778 rebellare
1396 1736 1584 1794 posset,

129 1794 193 1843 ad
245 1795 408 1843 solum
460 1810 615 1859 usque
667 1795 935 1859 destruxit,
990 1812 1048 1844 ac
1098 1796 1295 1859 regredi
1344 1802 1584 1858 statuens,

129 1859 324 1924 Pyrinei
359 1861 542 1909 saltum
580 1861 834 1924 ingressus
870 1869 959 1910 est.
1039 1862 1093 1910 In
1129 1862 1267 1910 cuius
1299 1861 1586 1910 summitate

127 1926 399 1976 Wascones
464 1927 653 1975 insidiis
705 1928 1004 1990 conlocatis,
1068 1937 1345 1976 extremum
1406 1943 1587 1991 agmen

128 1991 307 2055 adorti,
341 1999 503 2042 totum
523 1993 791 2043 exercitum
816 2010 1000 2058 magno
1037 1996 1249 2044 tumultu
1277 1995 1585 2060 perturbant.

127 2059 191 2110 Et
224 2059 342 2108 licet
361 2058 533 2108 Franci
563 2060 888 2110 wasconibus
921 2069 1022 2110 tam
1058 2061 1209 2110 armis
1242 2077 1388 2126 quam
1410 2061 1587 2109 animis

63 2145 80 2151 ·
129 2132 385 2192 praestare
420 2126 737 2191 viderentur,
784 2136 952 2177 tamen
986 2135 1036 2176 et
1070 2124 1326 2193 iniquitate
1362 2128 1585 2176 locorum

129 2199 182 2242 et
214 2206 400 2256 genere
429 2193 615 2258 inparis
635 2210 831 2258 pugnae
861 2194 1123 2242 inferiores
1151 2195 1316 2243 effecti
1353 2202 1477 2243 sunt.
1532 2195 1587 2241 ln

128 2259 225 2316 boc
258 2259 529 2307 certamine
559 2260 781 2325 plerique
817 2259 1118 2323 aulicorum,
1154 2277 1277 2325 quos
1312 2276 1399 2308 rex
1434 2260 1588 2325 copiis

130 2326 466 2391 praefecerat,
514 2326 761 2376 interfecti
798 2335 938 2391 sunt,
988 2326 1180 2392 direpta
1217 2326 1587 2392 impedimenta,

130 2398 184 2440 et
206 2391 365 2441 hostis
385 2401 588 2458 propter
623 2394 850 2442 notitiam
874 2395 1093 2442 locorum
1118 2394 1285 2444 statim
1318 2393 1366 2441 in
1394 2393 1588 2441 diversa

129 2458 351 2524 dilapsus
374 2467 462 2507 est.
515 2460 663 2509 Cuius
699 2462 916 2510 vulneris
953 2461 1172 2527 acceptio
1206 2476 1442 2535 magnam
1479 2475 1616 2588 par-¹

45 2579 51 2582 ,
130 2533 234 2575 tem
267 2541 436 2574 rerum
472 2526 682 2575 feliciter
717 2527 767 2575 in
790 2528 1027 2593 Hispania
1063 2536 1318 2592 gestarum
1355 2543 1403 2574 m
1441 2526 1589 2574 corde

132 2624 328 2722 ιῖσιιᾼη.
351 2628 388 2663 in
423 2639 517 2685 pago
541 2627 829 2676 Momm-gensi,
857 2639 970 2676 prope
995 2627 1128 2666 Sednn.
1226 2628 1261 2674 2)
1290 2626 1528 2663 chasseneuil
1554 2629 1590 2663 in

291 2686 473 2722 ginuensi.
1121 2739 1186 2784 2*
