1754 3120
245 246 308 295 36
660 245 960 294 EINHARDI
997 246 1283 295 ANNALES

247 368 446 416 vitatem
483 367 768 416 intentionis
808 383 930 417 suae
966 367 1234 416 defendere
1270 368 1469 418 curavit.
1538 369 1695 420 Huius

248 435 318 482 rei
354 450 500 481 causa
538 433 713 483 ductus
748 434 810 481 ad
846 434 1084 499 palatium
1116 434 1252 498 regis
1281 463 1334 471 -
1366 450 1481 484 uam
1511 436 1559 496 is
1580 445 1698 486 tunc

246 500 374 565 apud
413 498 673 564 Reginum,
709 500 961 549 Baioariae
995 501 1259 565 civitatem,
1297 499 1345 548 in
1381 501 1695 566 'qua'hiemar

247 574 412 630 verat,
458 565 710 615 residebat
765 594 829 602 -—-
882 565 964 614 ubi
1013 574 1315 631 congregato
1351 569 1697 635 episcoporum

247 632 451 681 concilio
477 632 674 680 auditus
710 641 803 696 est,
839 640 1119 682 et‘errasse
1155 633 1422 700 convictus,
1458 634 1521 683 ad
1555 650 1696 702 praev·

247 699 454 747 sentiam
515 699 747 746 Hadriani
800 697 1046 763 pontificis
1098 699 1308 747 Romam
1358 700 1594 766 missum„
1630 700 1696 750 ibi

246 765 394 813 etiam
439 781 604 812 coram
652 765 759 829 ipso
807 766 857 812 in
902 764 1103 812 basilica
1147 764 1276 813 beati
1310 765 1441 815 Petri
1484 767 1698 836 apostoli

246 833 505 880 haeresem
564 846 706 878 suam
762 830 1203 895 damnavitatque
1250 830 1524 882 abdicavit..
1589 833 1697 894 Quo

247 899 394 959 factu,
429 898 491 944 ad
529 897 779 945 civitatem
814 913 957 946 suam
990 913 1222 946 reversus
1258 906 1349 947 est.
1420 899 1696 963 Rege-vero

246 964 426 1011 ibidem
477 971 717 1012 aestatem
769 972 974 1027 agente7
1029 964 1159 1013 facta
1210 971 1287 1012 est
1337 971 1509 1014 contra
1537 965 1697 1016 >illum

246 1030 515 1078 coniuratio
553 1047 581 1078 a
617 1030 717 1078 filio
754 1046 843 1078 suo
881 1029 1097 1093 maiore,
1150 1030 1348 1079 nomine
1383 1031 1435 1079 Pi
1473 1031 1698 1096 pium-et

246 1096 537 1162 quibusdam
582 1096 807 1161 Francis,
854 1097 934 1162 qui
971 1112 1026 1145 se
1060 1097 1397 1145 crudelitatem
1471 1098 1697 1146 asti-adae

244 1163 446 1226 reginae
485 1165 615 1211 ferre
653 1180 750 1211 non
787 1179 934 1228 posse
971 1162 1357 1229 adseverabant,
1401 1164 1696 1229 atqueideo

246 1230 293 1276 in
316 1245 488 1277 necem
525 1230 658 1292 regis
695 1230 1112 1295 conspiraverant.
1167 1230 1305 1289 Quae
1335 1246 1444 1278 cum
1468 1232 1560 1296 per
1581 1230 1696 1279 Far-

244 1295 434 1342 dulfum
469 1295 848 1358 Langobardum
885 1296 1080 1344 detecta
1116 1296 1318 1359 fuisset,
1354 1296 1367 1344 i
1406 1313 1462 1345 se
1495 1296 1559 1346 ob
1594 1313 1697 1345 me-

244 1363 395 1410 ritum
429 1360 541 1409 fidei
577 1370 804 1410 servatae
839 1361 1142 1410 monasterio
1180 1362 1335 1410 sancti
1369 1314 1698 1411 ssionisiisdo-

245 1435 389 1476 natus
427 1436 516 1489 est,
555 1435 781 1476 auctores
818 1444 936 1477 vero
968 1427 1319 1477 coniurationis
1355 1435 1408 1478 ut
1441 1429 1515 1477 rei
1546 1428 1699 1477 maie-

245 1494 387 1546 statis
409 1494 587 1558 partim
610 1495 775 1557 gladio
808 1495 954 1558 caesi,
989 1495 1171 1560 partim
1194 1494 1424 1559 patibulis
1454 1495 1699 1561 suspensi,
1741 1518 1754 1553 J.

245 1560 307 1607 ob
345 1560 638 1608 meditatum
674 1561 836 1608 scelus
872 1562 955 1608 tali
991 1568 1154 1608 morte
1180 1561 1376 1610 multati
1410 1566 1538 1611 sunt.
1596 1561 1699 1611 Rex

246 1633 413 1674 autem
470 1634 674 1691 propter
728 1626 913 1674 bellum
959 1642 1070 1674 cum
1115 1627 1270 1675 Hunis
1315 1635 1601 1692 susceptum
1647 1628 1696 1675 in

247 1692 471 1740 Baioaria
507 1693 716 1755 sedens,
751 1701 955 1757 pontem
993 1693 1237 1757 navalem⁷
1275 1709 1370 1757 quo
1406 1692 1455 1742 in
1473 1692 1698 1742 Danubio

247 1759 305 1806 ad
345 1759 392 1806 id
433 1759 617 1806 bellum
655 1767 901 1822 uteretur⁷
947 1758 1246 1822 aedificavit,
1283 1758 1446 1823 ibique
1481 1759 1698 1807 natalem

245 1826 438 1873 Domini
486 1834 536 1874 et
571 1832 797 1872 sanctum
833 1825 1014 1889 pascha
1051 1825 1331 1872 celebravit.
1536 1859 1541 1863 -
1580 1878 1586 1885 ἢ
1750 1864 1754 1881 ‚

347 1892 458 1940 793.
506 1893 628 1940 Cum
666 1907 751 1939 rex
789 1891 973 1939 bellum
1010 1907 1038 1938 a
1075 1907 1129 1939 se
1152 1891 1433 1939 inchoatum
1456 1888 1699 1939 conficere
1750 1891 1754 1918 ³

247 1966 468 2022 cuperet,
514 1965 563 2005 et
597 1958 900 2005 Pannoniam
935 1957 1113 2004 iterum
1152 1964 1321 2021 petere
1358 1955 1699 2020 disposuisset,

245 2025 450 2073 aliatum
500 2031 600 2086 est,
653 2023 818 2087 copias
863 2038 984 2086 quas
1028 2022 1361 2071 Theodericus
1407 2027 1576 2070 comes
1610 2037 1700 2087 per
1747 2068 1754 2078 ,

245 2090 447 2137 Frisiam
486 2089 720 2151 ducebat,
757 2090 804 2136 in
842 2105 970 2153 pago
1007 2087 1249 2137 Hriustri1
1286 2089 1419 2136 iuxta
1447 2087 1695 2137 Wisuram
1743 2085 1754 2135 ἶ·

245 2154 452 2204 fluvium
476 2173 503 2203 a
531 2155 806 2204 Saxonibus
844 2171 954 2203 esse
982 2154 1282 2220 interceptas
1312 2162 1457 2219 atque
1492 2154 1696 2206 deletas.

245 2222 395 2271 Cuius
451 2222 520 2269 rei
574 2222 743 2269 nuntio
802 2228 1029 2285 acceptu,
1083 2221 1476 2284 magnitudinem
1529 2219 1695 2269 damni
1743 2220 1754 2264 ’ζ

246 2289 591 2351 dissimulans,r
617 2289 709 2337 iter
745 2288 793 2335 in
818 2287 1117 2335 Pannoniam
1153 2286 1433 2348 intermisit..
1490 2286 1551 2336 Et
1585 2302 1697 2335 cum
1736 2295 1754 2330 '³'-

247 2356 290 2402 ei
327 2371 618 2420 persuasum
655 2362 788 2403 esset
824 2370 850 2400 a
887 2353 1206 2417 quibusdam,
1242 2353 1323 2418 qui
1358 2352 1407 2400 id
1444 2351 1540 2400 sibi
1562 2367 1695 2400 com-

245 2430 441 2485 pertum
489 2436 600 2469 esse
643 2420 891 2482 dicebant,
947 2419 1077 2483 quod
1119 2419 1158 2467 si
1206 2419 1332 2469 inter
1375 2416 1697 2478 Radantiam²

247 2495 295 2536 et
337 2485 664 2547 Alomonamss
719 2485 896 2534 ssuvios
943 2486 1185 2534 eiusmodi
1231 2489 1366 2536 fossa
1412 2485 1694 2555 duceretur,

245 2569 370 2618 quae
428 2561 562 2601 esset
605 2553 803 2600 navium
850 2568 1026 2616 capax,
1077 2569 1225 2617 posse
1272 2546 1620 2620 percommode
1667 2567 1696 2598 a

245 2619 466 2668 Danubio
503 2620 551 2666 in
588 2619 814 2666 Rhenum
851 2618 1101 2683 navigari,
1152 2620 1263 2684 quia
1308 2618 1490 2669 horum}
1520 2615 1694 2680 fluvio7

246 2722 277 2765 1)
303 2721 547 2767 Rusti-ingen,
588 2722 623 2755 in
659 2721 803 2755 sinistra
830 2720 995 2756 wiserae
1030 2732 1128 2756 mare
1155 2719 1337 2755 influentis
1367 2718 1457 2766 ripa.
1578 2718 1614 2768 2)
1639 2719 1697 2754 die

244 2771 397 2805 Rednilz..
499 2770 532 2813 3)
559 2771 614 2804 die
640 2769 794 2804 Aumn'm.

1703 2991 1736 3120 κί’-ξ’.
1716 2914 1725 2950 ·“*-
1726 2863 1729 2867 .
1718 2818 1733 2851 ast
