1754 3120
0 2103 12 2144 t

0 2151 7 2183 ι

613 162 665 209 Α.
700 158 811 209 782.
847 158 958 210 783.
1450 157 1513 205 25

62 282 449 346 ιιωῆιινὶιιιιι,
498 282 546 330 in
590 282 699 330 loco
747 281 827 345 qui
872 276 1044 328 Ferdi¹
1093 283 1329 340 vocatur,
1376 276 1513 326 iussu

62 350 205 416 rogis
247 366 421 399 omnes
465 363 560 396 una
607 347 687 396 die
734 346 964 396 decollati
1010 353 1137 395 sunt.
1221 342 1513 393 Huiusmodi

62 415 278 467 vindicta
312 433 403 483 per
468 420 622 477 trata,
656 429 744 461 rex
770 413 1037 461 Theodone
1071 412 1189 460 villa
1224 410 1273 459 in
1308 410 1515 459 hiberna

65 483 337 547 noncessit,
387 484 401 531 i
438 482 549 544 ique
595 480 810 527 natalem
854 479 1079 539 Domini,
1130 478 1196 525 ibi
1247 485 1295 526 et
1330 478 1515 543 pascha

65 548 385 600 momsolito
429 545 710 594 celebravit.

95 614 276 671 samii.
323 612 593 663 Adridente
637 610 768 659 veris
805 609 1070 674 temperie,
1120 624 1233 657 cum
1269 609 1330 655 ad
1369 625 1516 674 expe·

64 678 303 738 ‘duem
345 678 639 729 Saxonicam
688 693 742 726 se
786 682 1132 742 praeparasset
1179 702 1239 709 -
1292 691 1408 722 nam
1453 677 1515 723 de

62 744 349 801 &unimoda
383 761 557 794 eorum
587 744 863 792 defectione
899 743 959 790 ad
997 757 1110 790 eum
1146 741 1390 807 perlatum
1411 741 1516 789 fue·

62 820 228 864 rut—
258 812 544 879 priusquam
580 811 640 859 de
677 817 950 858 memorata
986 808 1102 856 villa
1138 816 1379 872 moveret,
1415 807 1517 856 Hil-

63 878 298 947 digai-dis*
326 879 501 943 regina
545 892 669 925 uxor
715 876 820 924 eius
869 875 1080 923 decessit
1126 874 1169 922 2.
1206 875 1311 922 Kal.
1348 874 1515 923 Maias.

64 946 217 999 euius
243 943 412 995 funeri
461 959 573 993 cum
608 958 748 991 more
783 942 994 991 solemni
1029 941 1155 989 iusta
1191 941 1516 1005 persolveret,

63 1011 419 1076 in·Saxoniam,
454 1012 581 1060 sicut
610 1010 904 1075 dispositum
940 1007 1170 1070 habebat,
1207 1007 1344 1056 duxit
1379 1023 1516 1055 exer-

64 1078 230 1130 fflm.
271 1115 274 1118 ψ
315 1079 537 1143 Cumque
586 1077 808 1126 Saxones
853 1076 902 1123 in
949 1091 1008 1123 eo
1057 1075 1165 1122 loco
1212 1075 1292 1138 qui
1338 1074 1518 1122 Theot-

62 1143 236 1196 11191ΙίΒ
269 1153 500 1209 vocatur,
549 1143 610 1192 ad
645 1159 863 1208 pugnam
900 1158 953 1191 se
988 1156 1284 1207 praeparare
1321 1156 1518 1206 compe-

62 1211 262 1276 tisset,
288 1211 351 1260 ad
396 1227 482 1260 eos
527 1219 710 1276 quanta
752 1209 911 1275 potuit
955 1208 1206 1256 celeritate
1242 1207 1519 1269 contendit,

65 1279 429 1343 commissoque
461 1293 573 1326 cum
609 1276 681 1325 eis
701 1276 907 1340 proelio,
944 1282 1079 1323 tanta
1115 1289 1201 1322 eos
1237 1273 1385 1321 caede
1406 1289 1519 1338 pro-

68 1344 272 1408 stravit,
307 1353 363 1393 ut
396 1345 459 1392 de
495 1342 838 1391 innumerabili
875 1357 1048 1389 eorum
1069 1339 1380 1389 multitudine
1409 1355 1519 1404 per-

67 1410 211 1477 pauci
253 1411 472 1459 evasisse
518 1409 752 1457 dicantur.
831 1409 1052 1472 Cumque
1095 1407 1156 1454 de
1198 1407 1307 1453 loco
1343 1406 1520 1470 proelii

67 1477 132 1526 ad
151 1476 536 1527 Padrabrunnon
571 1490 626 1523 se
661 1490 772 1523 cum
808 1475 1023 1522 exercitu
1054 1471 1340 1536 recepisset,
1377 1479 1521 1536 atque

68 1543 136 1593 ibi
171 1543 347 1592 castris
381 1541 554 1607 positis
590 1548 784 1605 partem
821 1539 1080 1602 exercitus,
1118 1553 1244 1604 quae
1280 1538 1521 1593 adhucde

66 1609 272 1664 francia
306 1608 476 1657 venire
511 1606 776 1670 debuerat,
813 1606 1116 1671 operiretur,
1154 1604 1340 1653 audivit
1369 1605 1520 1653 Saxo-

67 1691 159 1726 nes
194 1676 243 1724 in
278 1674 456 1724 finibus
478 1674 866 1723 Westfalaorum
902 1689 1051 1738 super
1077 1670 1284 1719 fluvium
1308 1669 1524 1720 Hasamss

69 1741 134 1792 ad
166 1742 263 1791 hoc
283 1741 593 1806 congregari,
630 1748 683 1788 ut
709 1739 776 1787 ibi
812 1755 923 1787 cum
957 1755 1034 1803 eo,
1071 1739 1111 1786 si
1148 1739 1383 1802 venisset,
1418 1738 1522 1786 acie

69 1806 410 1872 confligerent.
467 1808 575 1865 Quo
612 1806 782 1854 nuntio
809 1813 1114 1868 commotus,
1151 1804 1374 1852 adunatis
1399 1819 1523 1868 quae

70 1883 179 1924 tum
224 1874 286 1923 ad
321 1890 377 1923 se
411 1880 650 1921 venerant
686 1887 907 1936 quasque
951 1878 1066 1919 ante
1101 1886 1270 1918 secum
1312 1869 1525 1918 habebat

70 1941 372 1990 Francorum
409 1939 589 2004 copiis,
635 1939 696 1986 ad
746 1939 908 1986 locum
943 1938 1025 1984 ubi
1063 1937 1348 2000 congregati
1385 1943 1525 1984 erant

70 2007 180 2058 sine
232 2005 463 2056 dilatione
510 2005 764 2072 profectus
810 2010 915 2066 est,
969 2019 1364 2067 congressusque
1411 2019 1525 2051 cum

70 2073 162 2137 eis,
196 2073 373 2123 eadem
406 2088 501 2137 qua
537 2079 587 2119 et
620 2071 756 2137 prius
780 2070 1013 2119 felicitate
1050 2070 1312 2118 dimicavit.
1367 2070 1524 2119 Caesa

73 2146 152 2190 est
202 2154 376 2189 eorum
427 2137 615 2186 infinita
667 2137 957 2199 multitude,
1012 2136 1267 2201 spoliaque
1320 2135 1525 2201 direpta,

0 2213 9 2258 L
73 2205 381 2272 captivorum
416 2219 611 2270 quoque
645 2219 854 2266 magnus
891 2203 1130 2251 abductus
1165 2210 1242 2250 est
1275 2218 1525 2250 numerus.

0 2279 15 2328 ᾖ,

72 2273 195 2323 Inde
242 2271 398 2322 victor
440 2270 500 2319 ad
550 2270 790 2318 orientem
825 2270 920 2318 iter
954 2268 1220 2330 convertit,
1269 2267 1526 2332 primoque

0 2338 14 2382 ᾗ·
74 2354 231 2405 usque
266 2338 327 2387 ad
354 2338 618 2399 Wisuram,
656 2337 832 2384 deinde
855 2351 1009 2399 usque
1046 2335 1105 2382 ad
1131 2334 1324 2382 Albiam
1352 2341 1527 2382 cuncta

0 2394 30 2475 ξ.
66 2404 379 2467 ,devastando
408 2404 702 2470 peragravit.
756 2403 875 2451 Inde
902 2418 1131 2451 reversus
1168 2401 1216 2448 in
1253 2400 1524 2462 Franciam,

65 2473 214 2524 duxit
261 2486 465 2520 uxorem
501 2469 652 2519 filiam
690 2469 879 2519 Radolfi
918 2469 1109 2518 comitis
1146 2468 1343 2516 natione
1379 2468 1525 2515 Fran-

8 2547 41 2555 ”
75 2548 211 2611 eam,
257 2537 458 2588 nomine
493 2537 805 2599 Fastradam,
853 2553 910 2584 ex
957 2552 1051 2600 qua
1094 2535 1216 2583 duas
1251 2534 1378 2583 filias
1413 2551 1525 2608 pro·

42 2605 274 2675 mavit.
328 2604 515 2654 Eodem
554 2620 680 2653 anno
708 2604 939 2652 defuncta
965 2611 1042 2652 est
1077 2602 1236 2650 bonae
1258 2616 1525 2650 memoriae

84 2680 292 2736 QVerden.
391 2687 424 2733 2)
451 2685 631 2723 Detmold.
727 2687 762 2733 3)
790 2688 824 2722 in
852 2685 952 2722 cuius
979 2686 1056 2733 ripa
1083 2683 1309 2721 Onnabriick.
