1754 3120
205 239 264 288 14
618 239 917 289 EINHARDI
955 241 1240 291 ANNALES

197 376 320 426 pore
353 360 625 408 meridiano
668 362 827 412 cuncti
864 361 1201 427 quiescerent,
1247 361 1381 413 iuxta
1424 372 1648 416 montem

199 428 282 492 qui
317 427 491 475 castris
526 433 633 474 erat
667 428 953 493 contiguus,
988 437 1125 479 tanta
1158 431 1234 478 vis
1269 430 1647 494 aquaem-eon-

199 511 319 542 cavo
355 492 614 541 cuiusdam
647 493 908 543 torrentis²
943 496 1176 561 eruperit,
1214 502 1268 544 ut
1297 502 1473 546 cuncto
1509 493 1648 558 enep-

197 560 313 608 citui
349 559 612 608 sufficeret.
681 561 808 609 Tum
843 574 946 626 rex,
981 563 1113 611 idolo
1151 563 1419 628 destructo,-
1454 564 1517 612 ad
1540 562 1649 615 W&

197 641 366 675 suram
401 625 606 675 fluvium
641 628 865 691 accessit,
900 628 1065 693 ibique
1100 645 1128 677 a
1154 629 1431 679 Saxonibus
1466 630 1649 680 duode-

197 693 294 741 cim
336 692 533 742 obsides
581 693 784 758 accepit.
865 693 983 741 Inde
1024 695 1072 742 in
1108 695 1366 743 Franciam
1398 711 1646 763 reversus,

194 760 245 808 in
287 761 405 808 villa
440 759 722 809 Heristallio
771 766 822 808 et
854 761 1072 809 natalem
1106 760 1301 809 Domini
1343 769 1394 811 et.
1426 771 1649 814 sanctam

195 827 444 892 paschalis
486 826 599 874 festi
633 827 1018 876 sollemnitatem
1054 827 1333 876 celebravit.
1430 871 1434 874 .
1533 862 1536 867 .
1571 865 1576 873 .

296 893 408 942 773.
445 893 721 942 Hadrianus
755 910 884 958 papa
918 910 1031 942 cum
1067 895 1381 943 insolentiam
1406 894 1649 945 Desiderii

194 959 331 1023 regis
373 966 423 1008 et
470 959 911 1023 Langobardorum
955 962 1330 1026 oppressionem
1376 962 1509 1010 ferre
1547 971 1648 1012 non

194 1033 393 1091 posset,
437 1025 656 1075 decrevit
700 1034 754 1075 ut
798 1028 1099 1090 legationem
1138 1029 1199 1076 ad
1235 1028 1440 1078 Karlum
1475 1043 1650 1093 regem

194 1093 496 1141 Francorum
543 1094 784 1157 mitteret7
834 1110 1045 1159 eumque
1094 1094 1187 1143 sibi
1232 1103 1378 1159 atque
1414 1094 1649 1144 Romanis

194 1159 434 1209 adversus
457 1160 810 1224 Langobardos
838 1177 986 1226 opem
1022 1163 1153 1210 ferre
1188 1168 1404 1227 rogaret.
1453 1161 1514 1210 Et
1534 1161 1650 1228 quia

194 1225 244 1273 id
290 1233 488 1275 terreno
538 1227 715 1275 itinere
766 1244 857 1293 per
903 1228 1096 1277 Italiam
1141 1228 1247 1277 fieri
1293 1245 1392 1277 non
1434 1235 1647 1294 poterat,

194 1308 310 1341 eum
345 1309 494 1358 quem
529 1294 732 1343 miserat
766 1295 1015 1359 legatum,
1059 1295 1258 1343 nomine
1292 1296 1517 1359 Petrum,
1552 1295 1648 1344 Ro-

193 1375 307 1407 mae
350 1375 531 1409 navem
577 1361 912 1409 conscendere
958 1369 1008 1410 et
1054 1362 1323 1410 Massiliam
1368 1376 1525 1426 usque
1557 1377 1650 1426 per

193 1441 332 1475 mare
375 1426 471 1489 ire⁷
524 1433 670 1491 atque
714 1427 828 1475 inde
863 1435 1061 1476 terreno
1097 1428 1270 1476 itinere
1305 1427 1355 1475 in
1390 1427 1649 1476 Franciam

194 1492 312 1541 fecit
337 1492 621 1558 pervenire.
712 1494 806 1552 Qui
842 1509 955 1541 cum
991 1494 1051 1542 ad
1087 1511 1260 1559 regem
1295 1494 1345 1542 in
1372 1493 1648 1543 Theodonc

194 1557 367 1623 villa²‚
405 1559 497 1607 ubi·
522 1566 639 1607 tunc
672 1560 1004 1624 hiemaverat,
1039 1561 1376 1626 pervenisset,
1412 1568 1463 1609 et
1490 1561 1544 1608 ei
1575 1561 1648 1609 le-

194 1626 407 1690 gationis
441 1642 561 1675 suae
597 1641 798 1675 causam
833 1627 1132 1692 aperuisset7
1178 1627 1380 1690 eadem,
1434 1642 1531 1692 qua
1564 1636 1647 1676 ve-'

194 1701 351 1757 uerat,
386 1691 466 1740 via
495 1693 704 1741 Romam
741 1710 1000 1758 regressus
1037 1702 1126 1743 est.
1198 1694 1302 1742 Rex
1324 1708 1444 1741 vero
1466 1692 1646 1758 rebus,

194 1776 320 1825 quae
362 1759 492 1808 inter
535 1760 784 1808 Romanos
834 1776 891 1809 ac
926 1760 1279 1823 Langobardos
1327 1759 1646 1824 gerohantur,

195 1825 420 1890 diligenti
455 1843 571 1874 cura
598 1827 932 1892 pertractatis,
968 1827 1153 1874 bellum
1189 1826 1282 1875 sibi
1317 1826 1647 1888 contra·2Lan-

193 1893 444 1958 gobardos
470 1910 559 1958 pro
597 1894 887 1942 defensione
907 1894 1243 1941 Romanorum
1278 1892 1649 1957 suscipiendum

193 1968 348 2022 ratus,
384 1976 497 2008 cum
531 1967 634 2007 toto
653 1961 953 2007 Francorum
982 1959 1197 2007 exercitu
1222 1956 1491 2023 Genuam3,
1525 1958 1646 2008 Bur-

194 2026 408 2090 gundiae
461 2025 735 2089 civitatem⁷
781 2026 915 2075 iuxta
960 2026 1255 2074 Rhodanum
1298 2025 1444 2075 sitam
1475 2025 1646 2076 zvenit.

192 2093 363 2159 Ibique
398 2091 461 2139 de
495 2091 626 2140 bello
651 2092 964 2158 suscipiendo
991 2092 1286 2156 deliberans,
1321 2092 1647 2158 copias-quas

198 2194 228 2242 1)
254 2193 311 2230 De
348 2199 508 2230 torrente
534 2194 604 2230 isto
630 2205 742 2242 prope
768 2191 982 2231 Oldenbeke
1014 2206 1145 2241 pagum
1171 2193 1268 2229 haud
1294 2179 1447 2229 multm‘n
1470 2181 1494 2230 *a
1531 2188 1649 2231 fonti-

192 2243 261 2279 bus
286 2242 439 2289 Lippiae
463 2243 677 2284 distantem,
717 2243 779 2290 qui
813 2243 883 2278 iam
921 2243 1001 2278 sons
1027 2253 1178 2278 resonus
1215 2243 1279 2279 der
1303 2241 1511 2278 Buuerwm
1534 2241 1647 2285 nestit,

195 2292 242 2329 cl'.
267 2290 541 2338 Furstenbergii
567 2292 740 2338 principis
765 2290 1000 2328 Monumenta
1025 2289 1247 2334 Paderborn.
1273 2291 1406 2339 p..2ffi
1430 2301 1508 2338 sqq.
1535 2288 1648 2338 thitu

193 2340 304 2376 sontis
322 2345 451 2375 natura
478 2352 559 2376 cum
577 2340 625 2376 ita
649 2346 853 2386 comparata
879 2340 935 2382 sit,
962 2345 1002 2375 ut
1026 2350 1113 2386 eum
1134 2340 1250 2386 ipsum
1267 2344 1464 2382 torrentem
1482 2344 1647 2382 nostrum

193 2399 274 2424 esse
298 2388 483 2434 ambigere
507 2399 581 2423 non
606 2388 733 2429 liceat,
773 2386 942 2422 irminsul
977 2382 1122 2433 quoque
1155 2397 1228 2422 non
1252 2384 1452 2432 Eresbnrgi
1484 2386 1550 2427 sed
1573 2384 1648 2422 «li-2

194 2443 283 2485 quot
306 2446 477 2482 passuum
503 2436 664 2471 millibus
689 2447 710 2470 a
728 2435 879 2483 Lippiae
906 2435 1065 2471 sontibus
1090 2436 1268 2471 orientem
1291 2435 1649 2471 ermen-idiomatu-

193 2497 254 2522 sus
288 2485 491 2520 constitisse
527 2490 635 2531 patet.
696 2483 793 2520 Hinc
827 2492 863 2520 et
895 2482 1064 2520 Irminsul
1099 2484 1175 2520 sive
1200 2482 1546 2535 Ermensuljlrtnini
1570 2482 1647 2519 nive

192 2532 350 2569 Arminii
383 2533 587 2568 columnam
625 2533 758 2575 ruisse,
797 2538 833 2568 ct
867 2544 992 2568 verum
1019 2531 1197 2567 Varianae
1233 2526 1349 2568 cladis
1374 2529 1497 2580 locum
1522 2530 1646 2567 doceri

191 2580 367 2618 videmur.
425 2579 575 2628 Signum
601 2593 688 2617 vero
714 2581 926 2616 immortalis
949 2580 1072 2616 herois
1097 2586 1133 2616 et
1156 2579 1279 2616 sanum
1307 2578 1648 2627 in-‘quo'contffle-

192 2637 268 2673 ret,
303 2641 453 2676 magnae
478 2630 591 2665 fuisse
617 2629 742 2671 molis,
781 2630 827 2665 ita
868 2635 907 2664 ut
934 2629 988 2665 vel
1015 2628 1124 2664 hodie
1151 2629 1229 2664 eius
1255 2628 1487 2664 fundamenta
1512 2638 1648 2674 super-

194 2684 328 2721 essent,
353 2689 397 2714 ex
422 2688 467 2714 eo
491 2677 574 2714 colli
603 2678 684 2721 itur,
711 2677 807 2726 quod
823 2677 979 2713 Kar-olus
1005 2687 1087 2712 cnm
1114 2683 1189 2714 toto
1215 2674 1376 2714 exet-cim
1401 2675 1646 2712 montianum

195 2727 240 2762 ad
265 2727 383 2762 minus
408 2726 446 2762 in
472 2727 551 2763 eius
600 2726 822 2763 «astructione
847 2727 1079 2773 consumpsit.
1177 2725 1212 2773 2)
1239 2723 1455 2770 Thioim‘lle,
1480 2722 1648 2760 meden-

194 2775 316 2810 hosen.
417 2775 451 2821 3)
478 2773 590 2819 Gens,
618 2773 776 2811 Geneve.
1640 2779 1643 2783 ’
