1754 3120
162 166 225 214 20
577 161 876 212 ElNHARDl
913 162 1200 212 ANNALES

165 286 298 350 regis
334 284 652 334 obnubilavit.
723 283 918 331 Interea
943 281 1190 345 Saxones,
1226 284 1362 333 velut
1396 283 1613 333 occasio-

166 369 281 402 nem
316 352 505 414 nancti⁷
551 348 728 397 sumtis
764 348 914 397 armis
951 348 1012 395 ad
1050 347 1273 397 Rhenum
1309 365 1612 417 usquepro-

167 418 281 468 fecti
317 425 444 466 sunt.
514 416 612 464 Sed
649 430 760 463 cum
797 430 996 463 amnem
1033 414 1237 463 traicere
1275 433 1371 464 non
1391 424 1613 482 possent,

167 483 394 550 quiequid
430 499 459 530 a
493 480 687 531 Diutia¹
723 481 917 530 civitate
953 498 1109 547 usque
1144 483 1204 530 ad
1242 479 1614 536 thenasmus-

167 553 320 600 sellae
366 550 584 598 vicorum
620 547 947 612 villarumque
984 548 1096 610 fuit,
1144 550 1275 596 ferro
1311 557 1360 598 et
1395 548 1497 613 igni
1528 546 1614 596 de<

167 616 384 683 populati
434 622 563 665 sunt.
644 614 751 663 Pari
802 615 951 661 modo
989 631 1126 662 sacra
1163 616 1468 681 profanaque
1504 630 1615 681 pes·

166 683 405 733 sumdata.
477 683 676 730 Nullum
722 679 899 727 aetatis
944 687 1028 727 aut
1063 696 1209 728 sexus
1246 681 1504 730 discrimen
1540 681 1614 731 ira

166 749 323 799 hostis
359 750 569 811 fecerat,
606 754 658 795 ut
693 745 876 811 liquido
913 754 1190 810 appareret,
1228 763 1315 795 eos
1341 763 1439 797 non
1473 763 1614 814 prae-

166 816 341 878 dandi,
390 814 478 863 sed
523 812 762 861 ultionem
807 812 1065 860 exercendi
1112 813 1272 876 gratia
1315 814 1615 863 Francorum

168 882 405 931 terminos
452 879 694 929 introisse.
776 878 925 928 Cuius
975 879 1044 926 rei
1092 880 1323 927 nuncium
1369 895 1479 929 cum
1525 895 1614 928 rex

166 948 295 1014 apud
330 947 711 996 Autesiodorum
746 945 995 994 civitatem
1031 945 1329 1011 accepisset,
1365 946 1615 1011 extemplo

166 1016 379 1063 Francos
415 1013 680 1062 orientales
717 1020 863 1077 atque
901 1012 1200 1061 Alamannos
1235 1012 1295 1060 ad
1322 1013 1615 1079 propulsan-

167 1082 285 1129 dum
328 1081 524 1129 hostem
560 1079 794 1128 festinare
831 1079 984 1127 iussit.
1070 1079 1182 1145 lpse
1217 1081 1425 1128 caeteris
1461 1077 1615 1144 copiis

167 1147 410 1211 dimissis,
448 1146 783 1196 Heristallium
819 1145 1004 1209 villam,
1040 1145 1087 1193 in
1123 1162 1218 1210 qua
1247 1145 1466 1194 hiemare
1501 1160 1616 1194 con-

167 1215 408 1278 stituerat,
445 1214 595 1261 venit.
659 1213 722 1260 At
757 1212 927 1260 Franci
964 1220 1013 1261 et
1036 1212 1297 1260 Alamanni
1332 1213 1413 1278 qui
1448 1219 1617 1261 contra

167 1281 389 1329 Saxones
423 1280 563 1328 missi
598 1286 759 1342 erant⁷
805 1278 999 1342 magnis
1034 1279 1290 1328 itineribus
1325 1279 1388 1327 ad
1421 1294 1508 1327 eos
1543 1278 1616 1326 ire

167 1346 494 1409 contendunt,
545 1344 585 1394 si
632 1346 761 1393 forte
806 1344 855 1391 in
901 1343 1081 1393 finibus
1127 1346 1229 1393 suis
1275 1361 1362 1394 eos
1396 1343 1617 1392 invenire

166 1419 382 1479 possent.
464 1412 563 1460 Sed
600 1411 697 1475 illi⁷
744 1410 843 1458 iam
878 1427 932 1459 re
967 1419 1194 1476 peracta,
1242 1411 1619 1469 revertebantur

167 1479 230 1527 ad
265 1495 369 1542 sua„
424 1478 644 1537 Quorum
680 1476 890 1540 vestigia
915 1479 1106 1541 sequuti
1141 1478 1221 1543 qui
1258 1494 1286 1526 a
1321 1492 1441 1542 rege
1475 1475 1617 1526 missi

168 1544 393 1608 fuerunt,
438 1545 486 1592 in
533 1559 662 1610 pago
709 1544 997 1591 Hassiorum
1042 1561 1191 1609 super
1225 1544 1431 1592 fluvium
1466 1542 1619 1592 Ader-

169 1628 281 1660 nam
319 1611 413 1660 iter
434 1618 640 1675 agentes
676 1609 985 1674 invenerunt⁷
1021 1626 1207 1675 eosque
1230 1611 1398 1659 statim
1433 1609 1618 1675 inipso

167 1678 384 1727 fluminis
418 1678 545 1725 vado
583 1676 771 1739 adorti,
828 1684 962 1725 tanta
999 1683 1165 1741 strage
1209 1677 1519 1739 ceciderunt,
1562 1682 1619 1724 ut

169 1762 228 1793 ex
264 1744 451 1810 ingenti
494 1743 810 1792 multitudine
855 1742 1076 1807 ipsorum
1119 1743 1198 1790 vix
1237 1743 1376 1808 pauci
1414 1741 1618 1790 domum

169 1811 404 1875 fugiendo
441 1811 727 1875 pervenisse
764 1809 998 1856 dicantur.
1351 1851 1354 1853 .

269 1878 382 1926 779.
433 1878 497 1926 At
531 1893 617 1925 rex
654 1877 714 1924 de
752 1875 1060 1938 Heristallio‚
1109 1874 1190 1922 ubi
1229 1875 1537 1922 hiemaverat
1570 1878 1620 1922 et

170 1943 251 1991 ubi
286 1944 503 1992 natalem
537 1941 734 1991 Domini
771 1958 828 1988 ac
862 1949 1086 1989 sanctum
1122 1941 1304 2006 pascha
1340 1940 1617 1988 celebrave-

170 2017 272 2072 rat,
320 2010 478 2074 prima
525 2010 657 2058 veris
695 2007 933 2072 temperie
967 2023 1193 2071 movens⁷
1229 2003 1619 2072 Compendium²

171 2076 318 2124 venit.
402 2076 462 2123 Et
497 2091 607 2123 cum
643 2075 785 2137 inde⁷
833 2082 1031 2138 peracto
1063 2080 1268 2139 propter
1302 2073 1431 2138 quod
1467 2086 1616 2120 vene·

171 2151 249 2191 rat
292 2142 517 2206 negotio⁷
561 2141 877 2204 revertisset,
931 2141 1142 2189 occurrit
1189 2141 1231 2187 ei
1268 2137 1619 2188 Hildibrandus

173 2210 269 2257 dux
293 2208 563 2274 Spolitinus
593 2225 704 2256 cum
729 2207 920 2270 magnis
946 2206 1231 2255 muneribus
1266 2206 1316 2254 in
1349 2205 1468 2253 villa
1492 2204 1621 2254 wir-

173 2273 400 2324 ciniaeo³.
459 2275 617 2333 Quem
654 2282 703 2323 et
738 2273 949 2337 benigne
986 2273 1216 2338 suscepit,
1251 2280 1300 2321 et
1333 2270 1621 2321 muneribus

173 2343 410 2390 donatum
445 2340 494 2388 in
533 2342 762 2390 ducatum
788 2355 933 2388 suum
968 2339 1169 2387 remisit.
1225 2339 1336 2403 lpse
1372 2338 1534 2386 animo
1556 2335 1620 2384 ad

172 2407 464 2457 Saxonicam
527 2407 889 2473 expeditionem
944 2406 1153 2468 intento,
1218 2405 1420 2453 Duriam
1469 2403 1622 2468 venit,

172 2474 435 2538 habitoque
454 2473 586 2523 iuxta
622 2489 814 2521 morem
843 2473 1062 2535 generali
1100 2480 1360 2536 conventu,
1396 2470 1621 2533 Rhenum

176 2586 206 2632 1)
233 2586 350 2624 Deutz
383 2592 507 2622 contra
541 2583 743 2621 Coloniam.
863 2584 899 2631 2)
927 2583 1159 2632 Compiegne.
1279 2583 1315 2631 3)
1340 2583 1426 2620 situs
1451 2580 1530 2620 eius
1553 2594 1622 2618 nec

172 2635 318 2672 Valesio
353 2647 422 2671 nec
447 2633 638 2682 Bouqueto
665 2634 888 2681 exploratus;
926 2634 1022 2680 quod
1059 2635 1090 2669 si
1124 2646 1198 2670 non
1223 2632 1458 2676 viriniacum,
1492 2629 1622 2678 Vct-15,

171 2696 284 2731 prope
310 2682 443 2720 Remos
469 2684 534 2726 sit,
569 2688 668 2721 certe
704 2683 741 2717 in
779 2683 908 2718 itinere
936 2680 1161 2730 Compendio
1186 2681 1337 2718 Duriam
1362 2678 1621 2729 quaerendum.
