<?xml version="1.0" encoding="UTF-8"?>
<!DOCTYPE html PUBLIC "-//W3C//DTD XHTML 1.0 Transitional//EN"
    "http://www.w3.org/TR/xhtml1/DTD/xhtml1-transitional.dtd">
<html xmlns="http://www.w3.org/1999/xhtml" xml:lang="en" lang="en">
 <head>
  <title>
</title>
<meta http-equiv="Content-Type" content="text/html;charset=utf-8" />
  <meta name='ocr-system' content='tesseract 3.04.00' />
  <meta name='ocr-capabilities' content='ocr_page ocr_carea ocr_par ocr_line ocrx_word'/>
</head>
<body>
  <div class='ocr_page' id='page_1' title='image "./annaleseinhard00einhuoft_0104.png"; bbox 0 0 1754 3120; ppageno 0'>
   <div class='ocr_carea' id='block_1_1' title="bbox 275 205 1312 258">
    <p class='ocr_par' dir='ltr' id='par_1_1' title="bbox 275 205 1312 258">
     <span class='ocr_line' id='line_1_1' title="bbox 275 205 1312 258; baseline 0.002 -2"><span class='ocrx_word' id='word_1_1' title='bbox 275 207 339 256; x_wconf 89' lang='grc'><strong>90</strong></span> <span class='ocrx_word' id='word_1_2' title='bbox 691 205 989 254; x_wconf 85' lang='lat' dir='ltr'><strong>ElNHARDl</strong></span> <span class='ocrx_word' id='word_1_3' title='bbox 1027 206 1312 258; x_wconf 74' lang='lat' dir='ltr'><strong>ANNALES</strong></span> 
     </span>
    </p>
   </div>
   <div class='ocr_carea' id='block_1_2' title="bbox 265 326 1723 2783">
    <p class='ocr_par' dir='ltr' id='par_1_2' title="bbox 265 326 1723 2783">
     <span class='ocr_line' id='line_1_2' title="bbox 273 326 1720 394; baseline 0.001 -18"><span class='ocrx_word' id='word_1_4' title='bbox 273 344 391 376; x_wconf 89' lang='lat' dir='ltr'><strong>num</strong></span> <span class='ocrx_word' id='word_1_5' title='bbox 429 326 746 375; x_wconf 87' lang='lat' dir='ltr'><strong>veneratione</strong></span> <span class='ocrx_word' id='word_1_6' title='bbox 781 327 1108 391; x_wconf 85' lang='lat' dir='ltr'><strong>pr,otulerunt</strong></span> <span class='ocrx_word' id='word_1_7' title='bbox 1143 337 1346 393; x_wconf 90' lang='lat' dir='ltr'><strong>propter</strong></span> <span class='ocrx_word' id='word_1_8' title='bbox 1380 345 1503 394; x_wconf 77' lang='lat' dir='ltr'><strong>quae</strong></span> <span class='ocrx_word' id='word_1_9' title='bbox 1539 345 1594 379; x_wconf 83' lang='lat' dir='ltr'><strong>se</strong></span> <span class='ocrx_word' id='word_1_10' title='bbox 1622 329 1720 378; x_wconf 74' lang='lat' dir='ltr'><strong>Ro-</strong></span> 
     </span>
     <span class='ocr_line' id='line_1_3' title="bbox 273 393 1722 459; baseline 0.001 -17"><span class='ocrx_word' id='word_1_11' title='bbox 273 411 406 442; x_wconf 88' lang='lat' dir='ltr'><strong>mam</strong></span> <span class='ocrx_word' id='word_1_12' title='bbox 444 395 541 455; x_wconf 89' lang='lat' dir='ltr'><strong>ire,</strong></span> <span class='ocrx_word' id='word_1_13' title='bbox 589 401 734 457; x_wconf 88' lang='lat' dir='ltr'><strong>atque</strong></span> <span class='ocrx_word' id='word_1_14' title='bbox 780 393 1080 457; x_wconf 84' lang='lat' dir='ltr'><strong>apostolicae</strong></span> <span class='ocrx_word' id='word_1_15' title='bbox 1123 395 1255 443; x_wconf 87' lang='lat' dir='ltr'><strong>sedis</strong></span> <span class='ocrx_word' id='word_1_16' title='bbox 1295 396 1573 459; x_wconf 82' lang='lat' dir='ltr'><strong>praesulem</strong></span> <span class='ocrx_word' id='word_1_17' title='bbox 1608 411 1722 444; x_wconf 85' lang='lat' dir='ltr'><strong>con-</strong></span> 
     </span>
     <span class='ocr_line' id='line_1_4' title="bbox 273 459 1721 526; baseline 0.002 -18"><span class='ocrx_word' id='word_1_18' title='bbox 273 462 436 509; x_wconf 89' lang='lat' dir='ltr'><strong>sulere</strong></span> <span class='ocrx_word' id='word_1_19' title='bbox 474 459 654 507; x_wconf 88' lang='lat' dir='ltr'><strong>debere</strong></span> <span class='ocrx_word' id='word_1_20' title='bbox 692 460 830 507; x_wconf 82' lang='lat' dir='ltr'><strong>dixei</strong></span> <span class='ocrx_word' id='word_1_21' title='bbox 835 466 934 508; x_wconf 89' lang='lat' dir='ltr'><strong>unt</strong></span> <span class='ocrx_word' id='word_1_22' title='bbox 1006 461 1140 518; x_wconf 86' lang='lat' dir='ltr'><strong>Quos</strong></span> <span class='ocrx_word' id='word_1_23' title='bbox 1175 478 1312 525; x_wconf 89' lang='lat' dir='ltr'><strong>cum,</strong></span> <span class='ocrx_word' id='word_1_24' title='bbox 1357 461 1604 526; x_wconf 78' lang='lat' dir='ltr'><strong>legatione</strong></span> <span class='ocrx_word' id='word_1_25' title='bbox 1639 478 1721 510; x_wconf 93' lang='lat' dir='ltr'><strong>eo-</strong></span> 
     </span>
     <span class='ocr_line' id='line_1_5' title="bbox 274 526 1720 592; baseline 0.002 -18"><span class='ocrx_word' id='word_1_26' title='bbox 274 543 383 574; x_wconf 90' lang='lat' dir='ltr'><strong>rum</strong></span> <span class='ocrx_word' id='word_1_27' title='bbox 404 526 568 585; x_wconf 87' lang='lat' dir='ltr'><strong>audita</strong></span> <span class='ocrx_word' id='word_1_28' title='bbox 592 542 648 574; x_wconf 91' lang='lat' dir='ltr'><strong>ac</strong></span> <span class='ocrx_word' id='word_1_29' title='bbox 671 542 910 591; x_wconf 88' lang='lat' dir='ltr'><strong>responso</strong></span> <span class='ocrx_word' id='word_1_30' title='bbox 940 527 1147 590; x_wconf 85' lang='lat' dir='ltr'><strong>reddito,</strong></span> <span class='ocrx_word' id='word_1_31' title='bbox 1174 527 1469 591; x_wconf 90' lang='lat' dir='ltr'><strong>absolveret,</strong></span> <span class='ocrx_word' id='word_1_32' title='bbox 1495 529 1720 592; x_wconf 67' lang='lat' dir='ltr'><strong>Romam,</strong></span> 
     </span>
     <span class='ocr_line' id='line_1_6' title="bbox 272 592 1723 655; baseline 0.001 -15"><span class='ocrx_word' id='word_1_33' title='bbox 272 601 325 642; x_wconf 93' lang='lat' dir='ltr'><strong>ut</strong></span> <span class='ocrx_word' id='word_1_34' title='bbox 366 609 419 641; x_wconf 89' lang='lat' dir='ltr'><strong>se</strong></span> <span class='ocrx_word' id='word_1_35' title='bbox 469 594 597 641; x_wconf 88' lang='lat' dir='ltr'><strong>velle</strong></span> <span class='ocrx_word' id='word_1_36' title='bbox 643 592 897 655; x_wconf 73' lang='lat' dir='ltr'><strong>dicebant,</strong></span> <span class='ocrx_word' id='word_1_37' title='bbox 946 593 1125 642; x_wconf 88' lang='lat' dir='ltr'><strong>ducere</strong></span> <span class='ocrx_word' id='word_1_38' title='bbox 1170 595 1322 643; x_wconf 90' lang='lat' dir='ltr'><strong>iussit.</strong></span> <span class='ocrx_word' id='word_1_39' title='bbox 1401 596 1723 644; x_wconf 75' lang='lat' dir='ltr'><strong>Fortunatam</strong></span> 
     </span>
     <span class='ocr_line' id='line_1_7' title="bbox 271 659 1722 725; baseline 0.001 -18"><span class='ocrx_word' id='word_1_40' title='bbox 271 659 421 708; x_wconf 91' lang='lat' dir='ltr'><strong>etiam</strong></span> <span class='ocrx_word' id='word_1_41' title='bbox 458 659 519 707; x_wconf 90' lang='lat' dir='ltr'><strong>de</strong></span> <span class='ocrx_word' id='word_1_42' title='bbox 556 675 703 707; x_wconf 90' lang='lat' dir='ltr'><strong>causa</strong></span> <span class='ocrx_word' id='word_1_43' title='bbox 742 661 889 721; x_wconf 83' lang='lat' dir='ltr'><strong>fugae</strong></span> <span class='ocrx_word' id='word_1_44' title='bbox 924 659 1079 723; x_wconf 89' lang='lat' dir='ltr'><strong>ipsius</strong></span> <span class='ocrx_word' id='word_1_45' title='bbox 1114 670 1458 725; x_wconf 79' lang='lat' dir='ltr'><strong>percontatus,</strong></span> <span class='ocrx_word' id='word_1_46' title='bbox 1511 661 1571 709; x_wconf 89' lang='lat' dir='ltr'><strong>ad</strong></span> <span class='ocrx_word' id='word_1_47' title='bbox 1609 677 1722 709; x_wconf 87' lang='lat' dir='ltr'><strong>exa-</strong></span> 
     </span>
     <span class='ocr_line' id='line_1_8' title="bbox 269 725 1720 792; baseline 0 -18"><span class='ocrx_word' id='word_1_48' title='bbox 269 726 557 774; x_wconf 87' lang='lat' dir='ltr'><strong>minandum</strong></span> <span class='ocrx_word' id='word_1_49' title='bbox 620 741 733 772; x_wconf 90' lang='lat' dir='ltr'><strong>eum</strong></span> <span class='ocrx_word' id='word_1_50' title='bbox 789 725 1011 772; x_wconf 87' lang='lat' dir='ltr'><strong>Romano</strong></span> <span class='ocrx_word' id='word_1_51' title='bbox 1067 726 1283 789; x_wconf 82' lang='lat' dir='ltr'><strong>pontifici</strong></span> <span class='ocrx_word' id='word_1_52' title='bbox 1347 727 1544 789; x_wconf 78' lang='lat' dir='ltr'><strong>direxit3</strong></span> <span class='ocrx_word' id='word_1_53' title='bbox 1614 728 1720 792; x_wconf 88' lang='lat' dir='ltr'><strong>ipse</strong></span> 
     </span>
     <span class='ocr_line' id='line_1_9' title="bbox 270 791 1721 858; baseline -0.001 -17"><span class='ocrx_word' id='word_1_54' title='bbox 270 791 602 856; x_wconf 86' lang='lat' dir='ltr'><strong>Aquasgrani,</strong></span> <span class='ocrx_word' id='word_1_55' title='bbox 646 791 726 838; x_wconf 85' lang='lat' dir='ltr'><strong>ubi</strong></span> <span class='ocrx_word' id='word_1_56' title='bbox 764 791 982 838; x_wconf 88' lang='lat' dir='ltr'><strong>hiemare</strong></span> <span class='ocrx_word' id='word_1_57' title='bbox 1017 797 1287 852; x_wconf 86' lang='lat' dir='ltr'><strong>statuerat,</strong></span> <span class='ocrx_word' id='word_1_58' title='bbox 1334 794 1585 858; x_wconf 86' lang='lat' dir='ltr'><strong>profectus</strong></span> <span class='ocrx_word' id='word_1_59' title='bbox 1631 799 1721 840; x_wconf 90' lang='lat' dir='ltr'><strong>est.</strong></span> 
     </span>
     <span class='ocr_line' id='line_1_10' title="bbox 271 857 1720 919; baseline 0.001 -13"><span class='ocrx_word' id='word_1_60' title='bbox 271 860 379 916; x_wconf 80' lang='lat' dir='ltr'><strong>Quo</strong></span> <span class='ocrx_word' id='word_1_61' title='bbox 416 874 528 905; x_wconf 90' lang='lat' dir='ltr'><strong>cum</strong></span> <span class='ocrx_word' id='word_1_62' title='bbox 564 858 797 919; x_wconf 86' lang='lat' dir='ltr'><strong>venisset,</strong></span> <span class='ocrx_word' id='word_1_63' title='bbox 835 858 884 905; x_wconf 88' lang='lat' dir='ltr'><strong>et</strong></span> <span class='ocrx_word' id='word_1_64' title='bbox 914 857 976 904; x_wconf 90' lang='lat' dir='ltr'><strong>ibi</strong></span> <span class='ocrx_word' id='word_1_65' title='bbox 1009 859 1224 906; x_wconf 87' lang='lat' dir='ltr'><strong>natalem</strong></span> <span class='ocrx_word' id='word_1_66' title='bbox 1252 859 1446 907; x_wconf 89' lang='lat' dir='ltr'><strong>Domini</strong></span> <span class='ocrx_word' id='word_1_67' title='bbox 1474 859 1720 908; x_wconf 85' lang='lat' dir='ltr'><strong>celebras-</strong></span> 
     </span>
     <span class='ocr_line' id='line_1_11' title="bbox 269 924 1720 990; baseline 0.001 -18"><span class='ocrx_word' id='word_1_68' title='bbox 269 932 361 987; x_wconf 89' lang='lat' dir='ltr'><strong>set,</strong></span> <span class='ocrx_word' id='word_1_69' title='bbox 398 924 616 972; x_wconf 87' lang='lat' dir='ltr'><strong>adlatum</strong></span> <span class='ocrx_word' id='word_1_70' title='bbox 653 932 729 972; x_wconf 92' lang='lat' dir='ltr'><strong>est</strong></span> <span class='ocrx_word' id='word_1_71' title='bbox 764 924 839 987; x_wconf 91' lang='lat' dir='ltr'><strong>ei,</strong></span> <span class='ocrx_word' id='word_1_72' title='bbox 877 924 1006 988; x_wconf 86' lang='lat' dir='ltr'><strong>quod</strong></span> <span class='ocrx_word' id='word_1_73' title='bbox 1042 925 1190 988; x_wconf 82' lang='lat' dir='ltr'><strong>legati</strong></span> <span class='ocrx_word' id='word_1_74' title='bbox 1227 925 1360 989; x_wconf 88' lang='lat' dir='ltr'><strong>regis</strong></span> <span class='ocrx_word' id='word_1_75' title='bbox 1394 925 1720 990; x_wconf 80' lang='lat' dir='ltr'><strong>Bulgarorum</strong></span> 
     </span>
     <span class='ocr_line' id='line_1_12' title="bbox 269 990 1720 1058; baseline 0.001 -19"><span class='ocrx_word' id='word_1_76' title='bbox 269 999 439 1039; x_wconf 87' lang='lat' dir='ltr'><strong>essent</strong></span> <span class='ocrx_word' id='word_1_77' title='bbox 475 991 522 1038; x_wconf 90' lang='lat' dir='ltr'><strong>in</strong></span> <span class='ocrx_word' id='word_1_78' title='bbox 559 990 806 1052; x_wconf 78' lang='lat' dir='ltr'><strong>Baioaria3</strong></span> <span class='ocrx_word' id='word_1_79' title='bbox 851 991 1027 1054; x_wconf 87' lang='lat' dir='ltr'><strong>quibus</strong></span> <span class='ocrx_word' id='word_1_80' title='bbox 1076 991 1272 1039; x_wconf 88' lang='lat' dir='ltr'><strong>obviam</strong></span> <span class='ocrx_word' id='word_1_81' title='bbox 1312 992 1539 1056; x_wconf 88' lang='lat' dir='ltr'><strong>mittens,</strong></span> <span class='ocrx_word' id='word_1_82' title='bbox 1584 991 1720 1058; x_wconf 87' lang='lat' dir='ltr'><strong>ipsos</strong></span> 
     </span>
     <span class='ocr_line' id='line_1_13' title="bbox 270 1057 1721 1132; baseline 0 -27"><span class='ocrx_word' id='word_1_83' title='bbox 270 1057 468 1132; x_wconf 84' lang='lat' dir='ltr'><strong>quidem</strong></span> <span class='ocrx_word' id='word_1_84' title='bbox 515 1074 668 1121; x_wconf 88' lang='lat' dir='ltr'><strong>usque</strong></span> <span class='ocrx_word' id='word_1_85' title='bbox 715 1057 775 1104; x_wconf 91' lang='lat' dir='ltr'><strong>ad</strong></span> <span class='ocrx_word' id='word_1_86' title='bbox 822 1065 1018 1122; x_wconf 89' lang='lat' dir='ltr'><strong>tempus</strong></span> <span class='ocrx_word' id='word_1_87' title='bbox 1065 1074 1338 1121; x_wconf 81' lang='lat' dir='ltr'><strong>congruum</strong></span> <span class='ocrx_word' id='word_1_88' title='bbox 1374 1058 1558 1107; x_wconf 84' lang='lat' dir='ltr'><strong>ibidem</strong></span> <span class='ocrx_word' id='word_1_89' title='bbox 1588 1059 1721 1107; x_wconf 84' lang='lat' dir='ltr'><strong>fecit</strong></span> 
     </span>
     <span class='ocr_line' id='line_1_14' title="bbox 269 1124 1718 1190; baseline 0.001 -19"><span class='ocrx_word' id='word_1_90' title='bbox 269 1124 461 1189; x_wconf 89' lang='lat' dir='ltr'><strong>operiri.</strong></span> <span class='ocrx_word' id='word_1_91' title='bbox 532 1125 793 1172; x_wconf 80' lang='lat' dir='ltr'><strong>Caeterum</strong></span> <span class='ocrx_word' id='word_1_92' title='bbox 829 1125 1023 1187; x_wconf 86' lang='lat' dir='ltr'><strong>legatos</strong></span> <span class='ocrx_word' id='word_1_93' title='bbox 1059 1125 1408 1173; x_wconf 91' lang='lat' dir='ltr'><strong>Abodritorum</strong></span> <span class='ocrx_word' id='word_1_94' title='bbox 1445 1125 1526 1190; x_wconf 89' lang='lat' dir='ltr'><strong>qui</strong></span> <span class='ocrx_word' id='word_1_95' title='bbox 1570 1125 1718 1187; x_wconf 84' lang='lat' dir='ltr'><strong>vulgo</strong></span> 
     </span>
     <span class='ocr_line' id='line_1_15' title="bbox 267 1190 1720 1255; baseline -0.001 -17"><span class='ocrx_word' id='word_1_96' title='bbox 267 1190 651 1238; x_wconf 78' lang='lat' dir='ltr'><strong>praedenecenti</strong></span> <span class='ocrx_word' id='word_1_97' title='bbox 687 1199 939 1251; x_wconf 89' lang='lat' dir='ltr'><strong>vocantur,</strong></span> <span class='ocrx_word' id='word_1_98' title='bbox 977 1199 1025 1239; x_wconf 90' lang='lat' dir='ltr'><strong>et</strong></span> <span class='ocrx_word' id='word_1_99' title='bbox 1056 1192 1346 1239; x_wconf 87' lang='lat' dir='ltr'><strong>contermini</strong></span> <span class='ocrx_word' id='word_1_100' title='bbox 1372 1191 1598 1255; x_wconf 79' lang='lat' dir='ltr'><strong>Bulgaris</strong></span> <span class='ocrx_word' id='word_1_101' title='bbox 1624 1191 1720 1238; x_wconf 91' lang='lat' dir='ltr'><strong>Da-</strong></span> 
     </span>
     <span class='ocr_line' id='line_1_16' title="bbox 269 1256 1720 1332; baseline 0 -28"><span class='ocrx_word' id='word_1_102' title='bbox 269 1257 395 1304; x_wconf 91' lang='lat' dir='ltr'><strong>ciam</strong></span> <span class='ocrx_word' id='word_1_103' title='bbox 431 1257 652 1304; x_wconf 87' lang='lat' dir='ltr'><strong>Danubio</strong></span> <span class='ocrx_word' id='word_1_104' title='bbox 689 1257 995 1306; x_wconf 90' lang='lat' dir='ltr'><strong>adiacentem</strong></span> <span class='ocrx_word' id='word_1_105' title='bbox 1031 1258 1271 1321; x_wconf 89' lang='lat' dir='ltr'><strong>incolunt,</strong></span> <span class='ocrx_word' id='word_1_106' title='bbox 1307 1258 1389 1322; x_wconf 91' lang='lat' dir='ltr'><strong>qui</strong></span> <span class='ocrx_word' id='word_1_107' title='bbox 1424 1266 1475 1306; x_wconf 91' lang='lat' dir='ltr'><strong>et</strong></span> <span class='ocrx_word' id='word_1_108' title='bbox 1498 1256 1600 1332; x_wconf 89' lang='lat' dir='ltr'><strong>ipsi</strong></span> <span class='ocrx_word' id='word_1_109' title='bbox 1636 1256 1720 1304; x_wconf 87' lang='lat' dir='ltr'><strong>ad-</strong></span> 
     </span>
     <span class='ocr_line' id='line_1_17' title="bbox 267 1322 1719 1388; baseline -0.001 -17"><span class='ocrx_word' id='word_1_110' title='bbox 267 1330 470 1371; x_wconf 89' lang='lat' dir='ltr'><strong>ventare</strong></span> <span class='ocrx_word' id='word_1_111' title='bbox 514 1322 891 1386; x_wconf 70' lang='lat' dir='ltr'><strong>nuntiabantur,</strong></span> <span class='ocrx_word' id='word_1_112' title='bbox 936 1324 1047 1371; x_wconf 89' lang='lat' dir='ltr'><strong>ilico</strong></span> <span class='ocrx_word' id='word_1_113' title='bbox 1094 1323 1262 1371; x_wconf 90' lang='lat' dir='ltr'><strong>venire</strong></span> <span class='ocrx_word' id='word_1_114' title='bbox 1308 1323 1545 1388; x_wconf 80' lang='lat' dir='ltr'><strong>permisit.</strong></span> <span class='ocrx_word' id='word_1_115' title='bbox 1624 1323 1719 1382; x_wconf 82' lang='lat' dir='ltr'><strong>Qui</strong></span> 
     </span>
     <span class='ocr_line' id='line_1_18' title="bbox 267 1389 1720 1455; baseline 0 -18"><span class='ocrx_word' id='word_1_116' title='bbox 267 1406 379 1437; x_wconf 93' lang='lat' dir='ltr'><strong>cum</strong></span> <span class='ocrx_word' id='word_1_117' title='bbox 415 1390 476 1437; x_wconf 91' lang='lat' dir='ltr'><strong>de</strong></span> <span class='ocrx_word' id='word_1_118' title='bbox 511 1389 835 1453; x_wconf 87' lang='lat' dir='ltr'><strong>Bulgarorum</strong></span> <span class='ocrx_word' id='word_1_119' title='bbox 885 1389 1051 1454; x_wconf 88' lang='lat' dir='ltr'><strong>iniqua</strong></span> <span class='ocrx_word' id='word_1_120' title='bbox 1094 1390 1412 1439; x_wconf 86' lang='lat' dir='ltr'><strong>infestatione</strong></span> <span class='ocrx_word' id='word_1_121' title='bbox 1457 1404 1720 1455; x_wconf 88' lang='lat' dir='ltr'><strong>quereren-</strong></span> 
     </span>
     <span class='ocr_line' id='line_1_19' title="bbox 266 1457 1719 1522; baseline 0 -18"><span class='ocrx_word' id='word_1_122' title='bbox 266 1465 374 1519; x_wconf 89' lang='lat' dir='ltr'><strong>tur,</strong></span> <span class='ocrx_word' id='word_1_123' title='bbox 411 1465 460 1505; x_wconf 90' lang='lat' dir='ltr'><strong>et</strong></span> <span class='ocrx_word' id='word_1_124' title='bbox 495 1465 665 1505; x_wconf 90' lang='lat' dir='ltr'><strong>contra</strong></span> <span class='ocrx_word' id='word_1_125' title='bbox 701 1473 788 1505; x_wconf 92' lang='lat' dir='ltr'><strong>eos</strong></span> <span class='ocrx_word' id='word_1_126' title='bbox 825 1457 1059 1504; x_wconf 86' lang='lat' dir='ltr'><strong>auxilium</strong></span> <span class='ocrx_word' id='word_1_127' title='bbox 1095 1457 1187 1505; x_wconf 89' lang='lat' dir='ltr'><strong>sibi</strong></span> <span class='ocrx_word' id='word_1_128' title='bbox 1224 1457 1342 1504; x_wconf 88' lang='lat' dir='ltr'><strong>ferri</strong></span> <span class='ocrx_word' id='word_1_129' title='bbox 1376 1457 1719 1522; x_wconf 84' lang='lat' dir='ltr'><strong>deposcerent,</strong></span> 
     </span>
     <span class='ocr_line' id='line_1_20' title="bbox 267 1523 1720 1588; baseline -0.001 -18"><span class='ocrx_word' id='word_1_130' title='bbox 267 1523 470 1571; x_wconf 91' lang='lat' dir='ltr'><strong>domum</strong></span> <span class='ocrx_word' id='word_1_131' title='bbox 507 1523 602 1584; x_wconf 90' lang='lat' dir='ltr'><strong>ire,</strong></span> <span class='ocrx_word' id='word_1_132' title='bbox 650 1531 797 1587; x_wconf 91' lang='lat' dir='ltr'><strong>atque</strong></span> <span class='ocrx_word' id='word_1_133' title='bbox 841 1524 1019 1572; x_wconf 88' lang='lat' dir='ltr'><strong>iterum</strong></span> <span class='ocrx_word' id='word_1_134' title='bbox 1057 1524 1116 1571; x_wconf 91' lang='lat' dir='ltr'><strong>ad</strong></span> <span class='ocrx_word' id='word_1_135' title='bbox 1160 1532 1356 1588; x_wconf 89' lang='lat' dir='ltr'><strong>tempus</strong></span> <span class='ocrx_word' id='word_1_136' title='bbox 1390 1523 1720 1587; x_wconf 77' lang='lat' dir='ltr'><strong>Bulgarorum</strong></span> 
     </span>
     <span class='ocr_line' id='line_1_21' title="bbox 267 1588 1719 1654; baseline -0.001 -17"><span class='ocrx_word' id='word_1_137' title='bbox 267 1590 445 1652; x_wconf 86' lang='lat' dir='ltr'><strong>legatis</strong></span> <span class='ocrx_word' id='word_1_138' title='bbox 468 1589 788 1638; x_wconf 90' lang='lat' dir='ltr'><strong>constitutum</strong></span> <span class='ocrx_word' id='word_1_139' title='bbox 813 1590 976 1636; x_wconf 87' lang='lat' dir='ltr'><strong>redire</strong></span> <span class='ocrx_word' id='word_1_140' title='bbox 1004 1590 1125 1638; x_wconf 88' lang='lat' dir='ltr'><strong>iussi</strong></span> <span class='ocrx_word' id='word_1_141' title='bbox 1149 1598 1276 1638; x_wconf 92' lang='lat' dir='ltr'><strong>sunt.</strong></span> <span class='ocrx_word' id='word_1_142' title='bbox 1330 1590 1565 1654; x_wconf 89' lang='lat' dir='ltr'><strong>Suppone</strong></span> <span class='ocrx_word' id='word_1_143' title='bbox 1588 1588 1719 1653; x_wconf 90' lang='lat' dir='ltr'><strong>apud</strong></span> 
     </span>
     <span class='ocr_line' id='line_1_22' title="bbox 267 1655 1719 1731; baseline -0.001 -27"><span class='ocrx_word' id='word_1_144' title='bbox 267 1655 575 1721; x_wconf 89' lang='lat' dir='ltr'><strong>Spoletium,</strong></span> <span class='ocrx_word' id='word_1_145' title='bbox 621 1656 746 1704; x_wconf 90' lang='lat' dir='ltr'><strong>sicut</strong></span> <span class='ocrx_word' id='word_1_146' title='bbox 790 1656 971 1703; x_wconf 89' lang='lat' dir='ltr'><strong>dictum</strong></span> <span class='ocrx_word' id='word_1_147' title='bbox 1010 1664 1144 1719; x_wconf 88' lang='lat' dir='ltr'><strong>erat,</strong></span> <span class='ocrx_word' id='word_1_148' title='bbox 1194 1657 1453 1731; x_wconf 79' lang='lat' dir='ltr'><strong>defuncto,</strong></span> <span class='ocrx_word' id='word_1_149' title='bbox 1505 1655 1719 1703; x_wconf 89' lang='lat' dir='ltr'><strong>eundem</strong></span> 
     </span>
     <span class='ocr_line' id='line_1_23' title="bbox 267 1721 1718 1786; baseline -0.001 -16"><span class='ocrx_word' id='word_1_150' title='bbox 267 1722 499 1770; x_wconf 86' lang='lat' dir='ltr'><strong>ducatum</strong></span> <span class='ocrx_word' id='word_1_151' title='bbox 535 1722 845 1770; x_wconf 87' lang='lat' dir='ltr'><strong>Adalhardus</strong></span> <span class='ocrx_word' id='word_1_152' title='bbox 881 1738 1049 1770; x_wconf 85' lang='lat' dir='ltr'><strong>comes</strong></span> <span class='ocrx_word' id='word_1_153' title='bbox 1084 1723 1278 1786; x_wconf 87' lang='lat' dir='ltr'><strong>palatii,</strong></span> <span class='ocrx_word' id='word_1_154' title='bbox 1322 1722 1404 1785; x_wconf 90' lang='lat' dir='ltr'><strong>qui</strong></span> <span class='ocrx_word' id='word_1_155' title='bbox 1438 1721 1600 1769; x_wconf 88' lang='lat' dir='ltr'><strong>iunior</strong></span> <span class='ocrx_word' id='word_1_156' title='bbox 1633 1738 1718 1768; x_wconf 88' lang='lat' dir='ltr'><strong>vo-</strong></span> 
     </span>
     <span class='ocr_line' id='line_1_24' title="bbox 268 1788 1719 1853; baseline -0.002 -16"><span class='ocrx_word' id='word_1_157' title='bbox 268 1789 486 1852; x_wconf 91' lang='lat' dir='ltr'><strong>cabatur,</strong></span> <span class='ocrx_word' id='word_1_158' title='bbox 522 1791 737 1853; x_wconf 82' lang='lat' dir='ltr'><strong>accepit,</strong></span> <span class='ocrx_word' id='word_1_159' title='bbox 774 1788 855 1852; x_wconf 89' lang='lat' dir='ltr'><strong>qui</strong></span> <span class='ocrx_word' id='word_1_160' title='bbox 890 1804 1003 1836; x_wconf 90' lang='lat' dir='ltr'><strong>cum</strong></span> <span class='ocrx_word' id='word_1_161' title='bbox 1039 1789 1118 1835; x_wconf 87' lang='lat' dir='ltr'><strong>vix</strong></span> <span class='ocrx_word' id='word_1_162' title='bbox 1155 1788 1367 1852; x_wconf 90' lang='lat' dir='ltr'><strong>quinque</strong></span> <span class='ocrx_word' id='word_1_163' title='bbox 1402 1803 1601 1836; x_wconf 87' lang='lat' dir='ltr'><strong>menses</strong></span> <span class='ocrx_word' id='word_1_164' title='bbox 1636 1803 1719 1835; x_wconf 87' lang='lat' dir='ltr'><strong>eo-</strong></span> 
     </span>
     <span class='ocr_line' id='line_1_25' title="bbox 268 1853 1719 1919; baseline -0.001 -17"><span class='ocrx_word' id='word_1_165' title='bbox 268 1855 382 1903; x_wconf 87' lang='lat' dir='ltr'><strong>dem</strong></span> <span class='ocrx_word' id='word_1_166' title='bbox 435 1856 625 1902; x_wconf 90' lang='lat' dir='ltr'><strong>honore</strong></span> <span class='ocrx_word' id='word_1_167' title='bbox 677 1854 942 1919; x_wconf 90' lang='lat' dir='ltr'><strong>potiretur,</strong></span> <span class='ocrx_word' id='word_1_168' title='bbox 994 1862 1251 1919; x_wconf 88' lang='lat' dir='ltr'><strong>correptus</strong></span> <span class='ocrx_word' id='word_1_169' title='bbox 1298 1854 1436 1902; x_wconf 87' lang='lat' dir='ltr'><strong>febre</strong></span> <span class='ocrx_word' id='word_1_170' title='bbox 1491 1853 1719 1902; x_wconf 86' lang='lat' dir='ltr'><strong>decessi-t.</strong></span> 
     </span>
     <span class='ocr_line' id='line_1_26' title="bbox 268 1893 1721 1984; baseline -0.001 -14"><span class='ocrx_word' id='word_1_171' title='bbox 268 1922 356 1971; x_wconf 92' lang='lat' dir='ltr'><strong>Cui</strong></span> <span class='ocrx_word' id='word_1_172' title='bbox 402 1938 514 1969; x_wconf 91' lang='lat' dir='ltr'><strong>cum</strong></span> <span class='ocrx_word' id='word_1_173' title='bbox 560 1922 815 1984; x_wconf 83' lang='lat' dir='ltr'><strong>Moringus</strong></span> <span class='ocrx_word' id='word_1_174' title='bbox 849 1893 1040 1969; x_wconf 88' lang='lat' dir='ltr'><strong>Brixiae</strong></span> <span class='ocrx_word' id='word_1_175' title='bbox 1084 1938 1252 1969; x_wconf 90' lang='lat' dir='ltr'><strong>comes</strong></span> <span class='ocrx_word' id='word_1_176' title='bbox 1287 1937 1545 1969; x_wconf 87' lang='lat' dir='ltr'><strong>successor</strong></span> <span class='ocrx_word' id='word_1_177' title='bbox 1584 1927 1721 1969; x_wconf 87' lang='lat' dir='ltr'><strong>esset</strong></span> 
     </span>
     <span class='ocr_line' id='line_1_27' title="bbox 267 1987 1718 2052; baseline -0.001 -16"><span class='ocrx_word' id='word_1_178' title='bbox 267 1990 471 2051; x_wconf 85' lang='lat' dir='ltr'><strong>electus,</strong></span> <span class='ocrx_word' id='word_1_179' title='bbox 508 1989 675 2036; x_wconf 92' lang='lat' dir='ltr'><strong>nuntio</strong></span> <span class='ocrx_word' id='word_1_180' title='bbox 712 1988 913 2035; x_wconf 89' lang='lat' dir='ltr'><strong>honoris</strong></span> <span class='ocrx_word' id='word_1_181' title='bbox 948 1987 1038 2036; x_wconf 91' lang='lat' dir='ltr'><strong>sibi</strong></span> <span class='ocrx_word' id='word_1_182' title='bbox 1077 1988 1295 2052; x_wconf 90' lang='lat' dir='ltr'><strong>deputati</strong></span> <span class='ocrx_word' id='word_1_183' title='bbox 1333 1994 1536 2052; x_wconf 88' lang='lat' dir='ltr'><strong>accepto</strong></span> <span class='ocrx_word' id='word_1_184' title='bbox 1569 1987 1718 2034; x_wconf 90' lang='lat' dir='ltr'><strong>decu-</strong></span> 
     </span>
     <span class='ocr_line' id='line_1_28' title="bbox 267 2052 1715 2118; baseline -0.001 -18"><span class='ocrx_word' id='word_1_185' title='bbox 267 2055 400 2116; x_wconf 87' lang='lat' dir='ltr'><strong>buit,</strong></span> <span class='ocrx_word' id='word_1_186' title='bbox 457 2061 506 2102; x_wconf 88' lang='lat' dir='ltr'><strong>et</strong></span> <span class='ocrx_word' id='word_1_187' title='bbox 556 2054 723 2118; x_wconf 89' lang='lat' dir='ltr'><strong>paucis</strong></span> <span class='ocrx_word' id='word_1_188' title='bbox 771 2053 1072 2118; x_wconf 89' lang='lat' dir='ltr'><strong>interpositis</strong></span> <span class='ocrx_word' id='word_1_189' title='bbox 1123 2053 1296 2101; x_wconf 88' lang='lat' dir='ltr'><strong>diebus</strong></span> <span class='ocrx_word' id='word_1_190' title='bbox 1345 2053 1496 2101; x_wconf 91' lang='lat' dir='ltr'><strong>vitam</strong></span> <span class='ocrx_word' id='word_1_191' title='bbox 1548 2052 1715 2100; x_wconf 87' lang='lat' dir='ltr'><strong>finivit.</strong></span> 
     </span>
     <span class='ocr_line' id='line_1_29' title="bbox 267 2119 1718 2183; baseline -0.001 -15"><span class='ocrx_word' id='word_1_192' title='bbox 267 2120 450 2168; x_wconf 88' lang='lat' dir='ltr'><strong>Aeblus</strong></span> <span class='ocrx_word' id='word_1_193' title='bbox 487 2128 536 2167; x_wconf 90' lang='lat' dir='ltr'><strong>et</strong></span> <span class='ocrx_word' id='word_1_194' title='bbox 575 2120 826 2168; x_wconf 88' lang='lat' dir='ltr'><strong>Asinarius</strong></span> <span class='ocrx_word' id='word_1_195' title='bbox 862 2121 1065 2167; x_wconf 87' lang='lat' dir='ltr'><strong>comites</strong></span> <span class='ocrx_word' id='word_1_196' title='bbox 1095 2136 1207 2167; x_wconf 91' lang='lat' dir='ltr'><strong>cum</strong></span> <span class='ocrx_word' id='word_1_197' title='bbox 1238 2119 1392 2183; x_wconf 91' lang='lat' dir='ltr'><strong>copiis</strong></span> <span class='ocrx_word' id='word_1_198' title='bbox 1417 2120 1718 2167; x_wconf 85' lang='lat' dir='ltr'><strong>Wasconum</strong></span> 
     </span>
     <span class='ocr_line' id='line_1_30' title="bbox 268 2184 1717 2251; baseline -0.001 -17"><span class='ocrx_word' id='word_1_199' title='bbox 268 2187 330 2234; x_wconf 90' lang='lat' dir='ltr'><strong>ad</strong></span> <span class='ocrx_word' id='word_1_200' title='bbox 366 2187 703 2250; x_wconf 89' lang='lat' dir='ltr'><strong>Pampilonam</strong></span> <span class='ocrx_word' id='word_1_201' title='bbox 751 2186 914 2249; x_wconf 89' lang='lat' dir='ltr'><strong>missi,</strong></span> <span class='ocrx_word' id='word_1_202' title='bbox 968 2203 1078 2234; x_wconf 89' lang='lat' dir='ltr'><strong>cum</strong></span> <span class='ocrx_word' id='word_1_203' title='bbox 1125 2194 1323 2251; x_wconf 89' lang='lat' dir='ltr'><strong>peracto</strong></span> <span class='ocrx_word' id='word_1_204' title='bbox 1372 2185 1470 2233; x_wconf 89' lang='lat' dir='ltr'><strong>iam</strong></span> <span class='ocrx_word' id='word_1_205' title='bbox 1519 2184 1611 2234; x_wconf 88' lang='lat' dir='ltr'><strong>sibi</strong></span> <span class='ocrx_word' id='word_1_206' title='bbox 1646 2185 1717 2233; x_wconf 90' lang='lat' dir='ltr'><strong>in·</strong></span> 
     </span>
     <span class='ocr_line' id='line_1_31' title="bbox 267 2251 1717 2317; baseline -0.001 -16"><span class='ocrx_word' id='word_1_207' title='bbox 267 2254 431 2301; x_wconf 89' lang='lat' dir='ltr'><strong>iuncto</strong></span> <span class='ocrx_word' id='word_1_208' title='bbox 468 2253 666 2316; x_wconf 85' lang='lat' dir='ltr'><strong>negotio</strong></span> <span class='ocrx_word' id='word_1_209' title='bbox 703 2260 1093 2316; x_wconf 88' lang='lat' dir='ltr'><strong>reverterentur,</strong></span> <span class='ocrx_word' id='word_1_210' title='bbox 1130 2255 1177 2300; x_wconf 89' lang='lat' dir='ltr'><strong>in</strong></span> <span class='ocrx_word' id='word_1_211' title='bbox 1214 2254 1320 2317; x_wconf 91' lang='lat' dir='ltr'><strong>ipso</strong></span> <span class='ocrx_word' id='word_1_212' title='bbox 1356 2251 1566 2300; x_wconf 90' lang='lat' dir='ltr'><strong>Pirinaei</strong></span> <span class='ocrx_word' id='word_1_213' title='bbox 1601 2251 1717 2315; x_wconf 82' lang='lat' dir='ltr'><strong>iugo</strong></span> 
     </span>
     <span class='ocr_line' id='line_1_32' title="bbox 265 2318 1718 2384; baseline -0.001 -17"><span class='ocrx_word' id='word_1_214' title='bbox 265 2318 474 2384; x_wconf 84' lang='lat' dir='ltr'><strong>perfidia</strong></span> <span class='ocrx_word' id='word_1_215' title='bbox 507 2328 853 2368; x_wconf 89' lang='lat' dir='ltr'><strong>montanorum</strong></span> <span class='ocrx_word' id='word_1_216' title='bbox 890 2320 939 2367; x_wconf 91' lang='lat' dir='ltr'><strong>in</strong></span> <span class='ocrx_word' id='word_1_217' title='bbox 975 2319 1178 2367; x_wconf 87' lang='lat' dir='ltr'><strong>insidias</strong></span> <span class='ocrx_word' id='word_1_218' title='bbox 1206 2319 1401 2366; x_wconf 90' lang='lat' dir='ltr'><strong>deducti</strong></span> <span class='ocrx_word' id='word_1_219' title='bbox 1427 2334 1485 2366; x_wconf 92' lang='lat' dir='ltr'><strong>ac</strong></span> <span class='ocrx_word' id='word_1_220' title='bbox 1511 2318 1718 2366; x_wconf 86' lang='lat' dir='ltr'><strong>circum-</strong></span> 
     </span>
     <span class='ocr_line' id='line_1_33' title="bbox 266 2384 1718 2460; baseline -0.001 -27"><span class='ocrx_word' id='word_1_221' title='bbox 266 2387 423 2449; x_wconf 85' lang='lat' dir='ltr'><strong>venti,</strong></span> <span class='ocrx_word' id='word_1_222' title='bbox 470 2386 598 2450; x_wconf 89' lang='lat' dir='ltr'><strong>capti</strong></span> <span class='ocrx_word' id='word_1_223' title='bbox 641 2394 780 2448; x_wconf 87' lang='lat' dir='ltr'><strong>sunt,</strong></span> <span class='ocrx_word' id='word_1_224' title='bbox 835 2393 884 2433; x_wconf 88' lang='lat' dir='ltr'><strong>et</strong></span> <span class='ocrx_word' id='word_1_225' title='bbox 918 2386 1089 2460; x_wconf 90' lang='lat' dir='ltr'><strong>copiae</strong></span> <span class='ocrx_word' id='word_1_226' title='bbox 1123 2402 1245 2450; x_wconf 87' lang='lat' dir='ltr'><strong>quas</strong></span> <span class='ocrx_word' id='word_1_227' title='bbox 1279 2400 1447 2432; x_wconf 88' lang='lat' dir='ltr'><strong>secum</strong></span> <span class='ocrx_word' id='word_1_228' title='bbox 1484 2384 1718 2448; x_wconf 88' lang='lat' dir='ltr'><strong>habuere,</strong></span> 
     </span>
     <span class='ocr_line' id='line_1_34' title="bbox 266 2451 1718 2517; baseline -0.001 -18"><span class='ocrx_word' id='word_1_229' title='bbox 266 2468 423 2517; x_wconf 90' lang='lat' dir='ltr'><strong>paene</strong></span> <span class='ocrx_word' id='word_1_230' title='bbox 470 2468 625 2515; x_wconf 90' lang='lat' dir='ltr'><strong>usque</strong></span> <span class='ocrx_word' id='word_1_231' title='bbox 668 2453 727 2499; x_wconf 88' lang='lat' dir='ltr'><strong>ad</strong></span> <span class='ocrx_word' id='word_1_232' title='bbox 771 2452 1145 2500; x_wconf 89' lang='lat' dir='ltr'><strong>internicionem</strong></span> <span class='ocrx_word' id='word_1_233' title='bbox 1181 2451 1396 2500; x_wconf 86' lang='lat' dir='ltr'><strong>deletae:</strong></span> <span class='ocrx_word' id='word_1_234' title='bbox 1451 2458 1502 2499; x_wconf 89' lang='lat' dir='ltr'><strong>et</strong></span> <span class='ocrx_word' id='word_1_235' title='bbox 1533 2451 1718 2499; x_wconf 89' lang='lat' dir='ltr'><strong>Aeblus</strong></span> 
     </span>
     <span class='ocr_line' id='line_1_35' title="bbox 265 2516 1718 2584; baseline -0.001 -18"><span class='ocrx_word' id='word_1_236' title='bbox 265 2518 466 2584; x_wconf 88' lang='lat' dir='ltr'><strong>quidem</strong></span> <span class='ocrx_word' id='word_1_237' title='bbox 503 2519 781 2566; x_wconf 88' lang='lat' dir='ltr'><strong>Cordubam</strong></span> <span class='ocrx_word' id='word_1_238' title='bbox 820 2520 1029 2581; x_wconf 84' lang='lat' dir='ltr'><strong>missuS,</strong></span> <span class='ocrx_word' id='word_1_239' title='bbox 1076 2518 1330 2567; x_wconf 88' lang='lat' dir='ltr'><strong>Asinarius</strong></span> <span class='ocrx_word' id='word_1_240' title='bbox 1371 2533 1492 2566; x_wconf 86' lang='lat' dir='ltr'><strong>vero</strong></span> <span class='ocrx_word' id='word_1_241' title='bbox 1525 2516 1718 2565; x_wconf 87' lang='lat' dir='ltr'><strong>miseri-</strong></span> 
     </span>
     <span class='ocr_line' id='line_1_36' title="bbox 266 2585 1718 2650; baseline -0.001 -17"><span class='ocrx_word' id='word_1_242' title='bbox 266 2585 431 2635; x_wconf 90' lang='lat' dir='ltr'><strong>cordia</strong></span> <span class='ocrx_word' id='word_1_243' title='bbox 468 2600 639 2632; x_wconf 91' lang='lat' dir='ltr'><strong>eorum</strong></span> <span class='ocrx_word' id='word_1_244' title='bbox 676 2585 756 2650; x_wconf 90' lang='lat' dir='ltr'><strong>qui</strong></span> <span class='ocrx_word' id='word_1_245' title='bbox 792 2601 903 2632; x_wconf 90' lang='lat' dir='ltr'><strong>eum</strong></span> <span class='ocrx_word' id='word_1_246' title='bbox 941 2593 1189 2649; x_wconf 87' lang='lat' dir='ltr'><strong>ceperant,</strong></span> <span class='ocrx_word' id='word_1_247' title='bbox 1227 2585 1365 2649; x_wconf 89' lang='lat' dir='ltr'><strong>quasi</strong></span> <span class='ocrx_word' id='word_1_248' title='bbox 1400 2585 1482 2648; x_wconf 87' lang='lat' dir='ltr'><strong>qui</strong></span> <span class='ocrx_word' id='word_1_249' title='bbox 1511 2598 1718 2632; x_wconf 88' lang='lat' dir='ltr'><strong>consan-</strong></span> 
     </span>
     <span class='ocr_line' id='line_1_37' title="bbox 265 2649 1717 2716; baseline -0.001 -16"><span class='ocrx_word' id='word_1_250' title='bbox 265 2652 474 2715; x_wconf 84' lang='lat' dir='ltr'><strong>guineus</strong></span> <span class='ocrx_word' id='word_1_251' title='bbox 511 2667 682 2699; x_wconf 91' lang='lat' dir='ltr'><strong>eorum</strong></span> <span class='ocrx_word' id='word_1_252' title='bbox 719 2659 866 2712; x_wconf 89' lang='lat' dir='ltr'><strong>esset,</strong></span> <span class='ocrx_word' id='word_1_253' title='bbox 902 2651 1104 2700; x_wconf 91' lang='lat' dir='ltr'><strong>domum</strong></span> <span class='ocrx_word' id='word_1_254' title='bbox 1142 2651 1301 2699; x_wconf 89' lang='lat' dir='ltr'><strong>redire</strong></span> <span class='ocrx_word' id='word_1_255' title='bbox 1328 2649 1600 2716; x_wconf 81' lang='lat' dir='ltr'><strong>permissus</strong></span> <span class='ocrx_word' id='word_1_256' title='bbox 1626 2656 1717 2698; x_wconf 91' lang='lat' dir='ltr'><strong>est.</strong></span> 
     </span>
     <span class='ocr_line' id='line_1_38' title="bbox 267 2716 1719 2783; baseline -0.001 -16"><span class='ocrx_word' id='word_1_257' title='bbox 267 2717 552 2768; x_wconf 87' lang='lat' dir='ltr'><strong>Hlotharius</strong></span> <span class='ocrx_word' id='word_1_258' title='bbox 604 2734 722 2767; x_wconf 89' lang='lat' dir='ltr'><strong>vero</strong></span> <span class='ocrx_word' id='word_1_259' title='bbox 782 2717 914 2766; x_wconf 86' lang='lat' dir='ltr'><strong>iuxta</strong></span> <span class='ocrx_word' id='word_1_260' title='bbox 966 2718 1120 2783; x_wconf 88' lang='lat' dir='ltr'><strong>patris</strong></span> <span class='ocrx_word' id='word_1_261' title='bbox 1170 2718 1457 2766; x_wconf 81' lang='lat' dir='ltr'><strong>mandatum</strong></span> <span class='ocrx_word' id='word_1_262' title='bbox 1510 2716 1719 2765; x_wconf 85' lang='lat' dir='ltr'><strong>Romam</strong></span> 
     </span>
    </p>
   </div>
  </div>
 </body>
</html>
