1754 3120
596 257 649 304 A.
698 254 811 304 827.
849 254 961 303 828.
1442 256 1506 304 99

50 377 234 430 missos
281 378 433 427 etiam
481 377 687 426 Romani
722 375 995 442 pontificis,
1042 376 1301 435 Quirinum
1337 375 1504 441 primi·

51 444 239 495 cerium
291 461 350 493 ac
392 442 748 492 Theolilactum
797 443 1248 508 nomenclatorem,
1307 443 1386 508 qui
1442 444 1503 492 ad

51 526 168 560 eum
202 511 288 560 illo
325 517 590 571 venerant,
627 510 792 557 audita
829 510 1028 557 illorum
1064 510 1310 572 legatione
1339 510 1503 560 dimis-

51 577 202 628 sisset
268 577 331 627 ad
377 577 544 624 villam
578 575 948 623 Franconofurd
984 577 1236 639 profectus
1271 585 1372 638 est,
1416 577 1503 625 ibi-

50 659 148 710 que
180 614 463 709 aliquandiu
499 648 749 705 moratus,
796 641 1127 689 wormaciam
1162 642 1320 705 venit,
1359 651 1505 708 atque

50 709 166 760 inde
199 707 481 759 Theodonis
519 708 687 756 villam
723 708 964 772 perrexit3
1012 707 1074 755 de
1110 724 1206 772 quo
1242 709 1351 756 loco
1387 710 1503 758 Hlo-

48 775 264 825 tharium
288 775 445 824 filium
481 791 627 824 suum
665 791 776 822 cum
813 774 1008 838 magnis
1028 774 1326 823 Francorum
1350 777 1503 841 copiis

49 842 113 892 ad
146 842 463 909 Hispanicam
507 857 725 890 marcam
767 841 956 889 direxit.
1032 841 1124 900 Qui
1161 857 1273 889 cum
1307 841 1504 906 Lugdu-

49 924 172 958 num
216 910 457 973 venisset,
503 908 753 971 consedit,
804 908 1034 955 nuncium
1079 909 1369 974 opperiens,
1422 910 1505 974 qui

48 990 106 1024 se
139 975 205 1024 de
239 975 627 1025 Sarracenorum
663 975 876 1022 adventu
915 976 1099 1023 faceret
1127 975 1418 1037 certiorem5
1456 978 1503 1024 in

48 1058 146 1107 qua
190 1042 530 1108 expectatione
578 1057 690 1089 cum
736 1041 941 1106 Pippino
987 1042 1141 1090 fratre
1178 1043 1502 1107 conloquitur,

48 1115 100 1157 et
141 1115 425 1175 comperto,
478 1108 606 1172 quod
652 1108 913 1156 Sarraceni
961 1108 1022 1155 ad
1066 1124 1287 1156 marcam
1332 1110 1501 1158 venire

0 1193 5 1240 ι
46 1181 135 1224 aut
180 1174 412 1224 timerent
456 1182 540 1223 aut
575 1174 786 1238 nollent,
834 1174 1073 1222 redeunte
1109 1175 1157 1222 in
1191 1175 1504 1239 Aquitaniam

0 1241 6 1294 ,l
47 1241 226 1306 fratre,
261 1240 370 1307 ipse
406 1241 467 1288 ad
503 1249 695 1306 patrem
732 1240 1041 1305 Aquasgrani
1078 1242 1355 1290 revertitur.
1426 1242 1502 1290 ln-

0 1322 2 1361 f
45 1314 184 1356 terea
231 1322 346 1356 cum
399 1307 449 1355 in
494 1306 766 1355 confinibus
811 1307 1246 1355 Nordmannorum
1292 1316 1395 1357 tam
1441 1309 1502 1357 de

0 1370 5 1434 ζ’
46 1373 251 1423 foedere
297 1374 425 1423 inter
458 1374 571 1422 illos
615 1382 664 1423 et
696 1374 910 1422 Francos
947 1373 1306 1438 confirmando,
1355 1392 1503 1440 quam

0 1460 4 1494 ;
46 1439 110 1488 de
144 1440 366 1488 Herioldi
401 1440 550 1488 rebus
586 1441 895 1489 tractandum
931 1449 1082 1505 esset,
1118 1448 1168 1489 et
1203 1442 1263 1490 ad
1300 1443 1395 1490 hoc
1430 1450 1503 1491 to-

45 1506 144 1556 tius
178 1522 338 1582 paene
374 1507 616 1556 Saxoniae
662 1507 868 1555 comites
905 1507 1051 1556 simul
1088 1524 1200 1555 cum
1235 1508 1501 1556 markioni-

46 1572 140 1622 bus
180 1573 267 1622 illo
304 1574 675 1636 convenissent,
723 1574 1014 1636 Herioldus.‚
1059 1589 1225 1621 rerum
1260 1576 1501 1638 gerenda-

0 1664 9 1696 ξ,
46 1654 158 1688 rum
192 1639 339 1688 nimis
374 1639 607 1704 cupidus⁷
655 1638 933 1687 condictam
978 1647 1029 1688 et
1062 1656 1152 1706 per
1186 1640 1384 1690 obsides
1420 1642 1501 1690 fir-

0 1719 6 1762 }
45 1713 230 1755 matam
274 1721 477 1771 pacem7
526 1706 737 1754 incensis
784 1722 841 1753 ac
881 1706 1085 1771 direptis
1123 1706 1307 1772 aliquot
1342 1709 1501 1757 Nord-

0 1778 2 1831 ξ
45 1786 342 1820 mannorum
384 1771 596 1834 villulis,
641 1771 838 1836 inrupit.
920 1773 1064 1831 Quod
1112 1774 1370 1823 audientes
1414 1775 1501 1823 filii

46 1837 328 1900 Godofridi,
387 1838 650 1886 contractis
708 1837 870 1886 subito
917 1838 1095 1903 copiis,
1155 1840 1216 1886 ad
1278 1856 1500 1890 marcam

45 1903 274 1968 veniunt,
308 1911 360 1953 et
393 1912 592 1954 nostros
632 1904 681 1952 in
717 1904 824 1970 ripa
860 1905 1134 1968 Aegidorae
1171 1904 1389 1955 fluminis
1425 1924 1501 1956 se·

45 1971 220 2020 dentes
254 1986 312 2019 ac
345 1971 466 2019 nihil
502 1972 600 2019 tale
636 1970 895 2035 opinantes
933 1972 1139 2020 transito
1175 1972 1380 2021 flumine
1417 1975 1499 2022 ad-

44 2036 168 2102 orti,
209 2037 381 2086 castris
416 2044 628 2099 exuunt,
677 2038 846 2102 eisque
882 2038 930 2085 in
968 2039 1138 2100 fugam
1174 2040 1293 2088 actis
1329 2049 1501 2089 cuncta

45 2103 304 2170 diripiunt,
358 2119 417 2150 ac
461 2119 515 2151 se
560 2119 673 2151 cum
718 2103 945 2152 omnibus
981 2105 1134 2169 copiis
1184 2106 1287 2154 suis
1323 2106 1371 2154 in
1410 2124 1500 2155 sua

44 2177 207 2220 castra
240 2169 505 2233 recipiunt3
540 2169 716 2217 deinde
752 2169 872 2218 inito
906 2171 1138 2234 consilio,
1175 2180 1229 2220 ut
1264 2173 1499 2221 ultionem

43 2234 192 2284 huius
235 2235 350 2284 facti
398 2236 768 2300 praevenirent,
814 2236 966 2284 missa
1011 2237 1259 2300 legatione
1303 2239 1365 2286 ad
1408 2240 1498 2287 im·

43 2309 345 2379 potatorem,
382 2319 530 2367 quam
556 2302 693 2351 inviti
730 2310 779 2350 et
815 2310 996 2367 quanta
1023 2305 1317 2353 necessitate
1343 2307 1498 2355 coacti

44 2368 95 2417 nd
130 2368 361 2432 fecerint,
405 2376 766 2434 exposuerunt7
814 2385 868 2418 se
904 2377 1071 2418 tamen
1108 2371 1169 2418 ad
1206 2372 1496 2420 satisfactio-

43 2450 160 2484 nem
207 2450 320 2483 esse
365 2444 591 2500 paratos,
646 2444 696 2484 et
751 2436 846 2484 hoc
895 2436 942 2483 in
999 2437 1309 2501 imperatoris
1364 2448 1498 2488 esset

45 2500 276 2564 arbitrio,
312 2502 521 2566 qualiter
555 2503 621 2551 ita
658 2502 799 2551 fieret
830 2503 1174 2568 emendatum,
1212 2513 1266 2553 ut
1301 2504 1362 2552 de
1384 2505 1495 2553 reli-

44 2584 142 2633 quo
186 2567 315 2617 inter
359 2575 527 2634 partes
572 2585 666 2633 pax
713 2570 856 2617 firma
900 2578 1136 2619 maneret.
1217 2571 1496 2620 Bonifacius

45 2649 241 2699 comes,
277 2634 351 2683 cui
389 2636 542 2683 tutela
577 2636 805 2685 Corsicae
843 2636 1031 2684 insulae
1073 2645 1189 2685 tunc
1223 2646 1330 2686 erat
1365 2655 1496 2686 com-

0 2696 1 2767 }
46 2699 224 2763 missa,
278 2701 543 2767 adsumpto
591 2718 757 2752 secum
806 2704 957 2751 fratre
993 2704 1256 2752 Berehario
1304 2721 1494 2753 necnon

0 2785 24 2906 *3
47 2774 97 2815 et
133 2766 242 2815 aliis
278 2768 568 2832 quibusdam
607 2769 866 2818 comitibus
904 2770 964 2818 ‹le
1002 2771 1200 2831 Tuscia,
1247 2772 1494 2819 Corsicam

1047 2862 1119 2906 7*

0 2932 41 3120 εἰ
