1754 3120
644 198 698 245 A.
735 197 1012 247 778-780.
1499 202 1558 249 21

109 317 400 367 imeo⁷loco
445 317 525 382 qui
562 317 859 383 Lippeham¹
910 328 1138 383 vocatur,
1183 336 1295 369 cum
1341 321 1556 370 exercitu

106 381 314 434 uniecit.
402 382 492 433 Cui
524 399 659 439 *cum
704 385 925 435 Saxones
968 388 1018 435 in
1063 387 1277 452 quodam
1322 387 1430 436 loco
1475 388 1558 452 qui

106 444 380 500 Bacchum
403 454 630 511 Vocatur,
669 466 792 498 vana
821 469 909 517 spe
935 454 1064 502 ducti
1092 454 1322 503 resistere
1348 461 1557 519 tempta·

108 523 247 582 rent,
288 515 416 583 pulsi
458 515 708 579 fugatique
744 526 872 566 sunt.
953 520 1014 567 Et
1050 535 1135 566 rex
1172 520 1557 570 westfalaorum

107 580 364 650 tzimem
396 581 679 646 ingressus,
725 599 899 632 omnes
936 600 1023 632 eos
1058 585 1106 632 in
1143 585 1443 635 deditionem
1479 604 1557 636 ac-

99 642 295 766 estae,
327 646 447 696 Inde
495 647 554 696 ad
602 648 853 698 Wisuram
889 651 1120 715 veniens,
1173 652 1348 700 castris
1383 655 1557 718 positis

170 713 313 763 “loco
334 714 534 763 nomine
569 714 809 764 Midufulli
823 715 859 780 ³,
893 718 1072 766 stativa
1107 733 1196 782 per
1230 717 1418 783 aliquot
1451 719 1557 768 dies

101 776 291 829 munit.
357 779 430 829 lbi
462 782 539 843 ¹An
579 782 693 837 rarii
726 790 778 830 et
812 783 1022 831 Ostfalai
1060 784 1340 848 venientes,
1385 793 1437 834 et
1471 785 1555 833 ob-

102 845 239 896 fides
272 796 962 911 dederuiftssgfffficramenta
995 851 1294 899 iuraverunt.
1366 851 1555 910 Quibus

102 913 345 989 por-ctis,
381 929 470 962 rex
502 921 638 962 trans
674 914 902 964 Rhenum
938 916 1271 966 Wormaciam
1306 918 1554 968 civitatem

101 977 393 1044 mihibema
426 996 483 1029 se
518 980 718 1046 recepit.

201 1089 313 1143 780.
366 1093 513 1158 Inde,
562 1111 674 1143 cum
709 1094 927 1161 primum
971 1098 1209 1163 temporis
1245 1099 1553 1163 oportunitas

99 1156 327 1210 adridere
344 1160 449 1209 visa
476 1168 570 1226 est,
606 1163 783 1210 iterum
809 1179 920 1211 cum
947 1181 1129 1228 magno
1153 1165 1370 1214 exercitu
1400 1165 1551 1214 Saxo-

98 1222 233 1291 nigm
253 1227 506 1293 profectus
531 1234 623 1292 est,
659 1229 1003 1295 transiensque
1026 1247 1116 1297 per
1138 1239 1351 1280 castrum
1375 1233 1552 1280 Aeres-

95 1289 340 1360 'bagnum
386 1293 451 1341 ad
493 1295 684 1343 fontem
718 1296 921 1362 Lippiae
958 1298 1119 1362 venit,
1166 1298 1246 1345 ubi
1285 1305 1551 1347 castrame-

98 1355 245 1423 tatus,
281 1375 372 1425 per
405 1360 590 1424 aliquot
611 1361 715 1410 dies
752 1371 972 1412 moratus
996 1371 1085 1412 est.
1138 1363 1259 1412 Inde
1293 1364 1355 1412 ad
1392 1365 1551 1413 orien-

98 1429 201 1476 tem
235 1424 411 1474 itinere
436 1443 694 1493 converso,
731 1429 792 1476 ad
818 1429 1063 1478 Ovacrum
1089 1429 1295 1479 fluvium
1330 1432 1549 1480 accessit.

98 1491 190 1550 Cui
235 1507 346 1541 cum
381 1490 447 1540 ibi
491 1509 666 1543 omnes
707 1494 1022 1544 orientalium
1057 1497 1272 1561 partium
1308 1496 1548 1562 Saxones,

97 1557 427 1621 utiussernt,
464 1561 810 1623 occurrissent,
846 1563 1059 1610 maxima
1084 1579 1256 1611 eorum
1285 1564 1547 1613 multitudo

94 1616 155 1689 in
181 1620 290 1675 loco
326 1623 407 1691 qui
443 1625 646 1674 Orheirn
689 1629 994 1693 appellatur,
1042 1630 1186 1678 solita
1234 1631 1548 1679 simulatione

93 1684 341 1755 baptizata
377 1698 467 1740 est.
546 1692 801 1743 Profectus
836 1694 951 1743 inde
987 1696 1048 1744 ad
1086 1696 1305 1760 Albiam,
1352 1698 1547 1747 castris-

99 1771 196 1822 que
230 1754 279 1821 in
315 1772 376 1805 eo
411 1757 546 1821 loco,
590 1757 672 1806 ubi
709 1758 840 1808 Ora⁴
885 1769 935 1810 et
970 1762 1112 1810 Albia
1159 1763 1545 1828 confluunt,‘'ad

97 1820 325 1899 habenda
359 1823 539 1871 stativa
575 1826 871 1890 conlocatis,
920 1835 1022 1876 tam
1065 1828 1127 1876 ad
1170 1845 1250 1878 res
1295 1829 1547 1878 Saxonum

212 1888 519 1953 citeriorem,
557 1907 703 1955 quam
740 1900 789 1941 et
812 1893 1222 1959 &Qqui
1259 1896 1545 1944 ulteriorem

132 1953 312 2005 uminis
345 1955 504 2020 ripam
557 1955 799 2022 incolunt,
847 1961 1196 2025 conponendas
1233 1977 1435 2026 operam
1473 1963 1543 2011 in·

91 2019 262 2071 tendit„
342 2020 531 2080 Quibus
576 2030 693 2072 tunc
740 2041 828 2090 pro
865 2032 1091 2092 tempore
1128 2027 1363 2076 ordinatis
1398 2036 1543 2093 atque

91 2085 369 2153 dispositis,
404 2087 455 2136 in
476 2088 732 2137 Franciam
769 2107 1001 2141 reversus
1037 2100 1138 2156 est3
1174 2092 1391 2160 initoque
1428 2112 1541 2144 con·

92 2150 223 2215 silio,
258 2153 428 2202 orandi
464 2170 522 2202 ac
555 2162 671 2203 vota
706 2157 929 2206 solvendi
966 2175 1114 2208 causa
1138 2159 1345 2208 Romam
1374 2162 1542 2211 statuit

4 2246 10 2258 ·-
88 2215 362 2286 proficisci,
396 2221 704 2287 sumptisque
740 2238 908 2271 secum
933 2240 1084 2272 uxore
1121 2241 1178 2272 ac
1213 2226 1398 2291 liberis,
1434 2229 1541 2276 sine

89 2301 230 2336 mora
265 2285 315 2334 in
350 2285 539 2335 ltaliam
575 2289 826 2353 profectus
864 2298 966 2352 est,
1004 2289 1369 2356 celebravitque
1404 2300 1540 2342 nata-

89 2348 190 2401 lem
240 2349 434 2400 Domini
489 2354 680 2419 Ticeni,
739 2363 883 2422 atque
938 2357 1002 2405 ibi
1056 2357 1308 2407 residuum
1362 2358 1540 2409 hiemis

0 2380 34 2485 ³2
86 2417 330 2468 manendo
377 2420 654 2485 complevit.

11 2487 29 2508 k

14 2540 67 2634 ‘iil
93 2538 188 2590 Ι)’ἰιι
212 2544 420 2580 confluente
443 2543 595 2593 Lippiae
620 2553 656 2583 et
680 2545 812 2583 Rheni.
912 2548 947 2593 2)
975 2548 1154 2592 Borholt.
1179 2550 1224 2585 ad
1251 2551 1396 2586 fluvium
1425 2550 1490 2591 Aa,
1517 2563 1535 2585 a

43 2601 73 2640 ’,ἶ
188 2592 331 2629 ultione
365 2593 436 2628 loci
471 2593 680 2642 Lippelnm.
805 2596 840 2640 3)
874 2596 977 2632 locun
1011 2597 1119 2634 hodie
1154 2598 1357 2646 incognitus
1392 2600 1427 2634 in
1461 2600 1537 2645 ripa

79 2640 87 2652 ’”
232 2651 266 2677 ο.
319 2639 354 2686 4)
379 2642 436 2678 die
462 2642 573 2686 Ohre;
606 2656 679 2679 non
705 2646 829 2691 procul
857 2644 901 2680 ab
929 2645 1006 2682 eius
1032 2658 1114 2683 cum
1139 2645 1247 2683 Albia
1273 2647 1538 2684 confluentibus

229 2688 398 2736 oppidum
427 2689 675 2727 Wolminudt
710 2693 816 2729 situm
850 2699 915 2728 est.
