1754 3120
199 209 261 257 22
610 207 909 257 ElNHARDI
945 207 1234 257 ANNALES

297 330 411 381 781.
462 328 583 378 Inde
618 329 827 378 Romam
870 328 1102 392 venienS,
1146 326 1417 378 honorifice
1452 329 1514 378 ab
1547 330 1645 380 Ha-

199 394 370 444 driano
419 411 548 460 papa
584 403 845 461 susceptus
890 403 979 444 est.
1056 394 1118 443 Et
1161 411 1274 443 cum
1317 394 1383 443 ibi
1419 404 1646 447 sanctum

200 463 385 527 pascha
420 461 721 526 celebraret,
769 461 1033 527 baptizavit
1070 460 1202 511 idem
1238 461 1458 527 pontifex
1490 461 1649 512 filium

199 529 304 576 eius
352 527 643 594 Pippinum,
700 529 934 593 unxitque
979 545 1094 577 eum
1141 528 1190 577 in
1235 545 1424 592 regem.
1503 529 1650 580 Unxit

198 594 351 642 etiam
385 603 436 644 et
469 595 808 644 Hludewicum
843 597 1047 644 fratrem
1083 595 1218 658 eius,
1266 595 1443 660 quibus
1485 602 1534 644 et
1569 611 1649 647 co-

199 677 374 709 ronam
410 661 456 709 in
496 662 640 710 osuit.
725 662 948 719 Quorum
982 661 1167 723 maior,
1203 660 1254 707 id
1288 669 1365 710 est
1398 661 1650 728 pippinus,

199 727 248 775 in
293 678 666 791 Langobardia,
720 726 881 775 minor
916 742 1062 791 vero,
1114 727 1163 775 id
1212 732 1289 774 est
1321 727 1650 793 Hludewicus,

199 793 247 841 in
283 794 545 858 Aquitania
580 810 664 841 rex
695 793 990 842 constitutus
1025 799 1116 842 est.
1185 792 1321 856 Rege
1350 808 1470 842 vero
1493 794 1651 844 Roma

198 859 422 923 digresso
468 876 526 908 ac
570 859 905 909 Mediolanum
952 860 1211 923 veniente,
1259 860 1477 909 Thomas
1521 861 1650 911 eius·

199 926 315 974 dem
349 925 486 975 urbis
521 926 919 992 archiepiscopus
946 926 1213 992 baptizavit
1247 925 1312 974 ibi
1347 926 1502 975 filiam
1526 926 1651 992 eius,

199 992 398 1041 nomine
434 993 648 1058 Gislam,
705 1001 754 1042 et
789 993 850 1041 de
886 1009 1027 1042 sacro
1063 994 1201 1042 fonte
1235 993 1465 1059 suscepit.
1536 993 1652 1053 Qui-

199 1059 290 1108 bus
333 1059 517 1124 gestis,
565 1060 613 1108 in
659 1060 915 1108 Franciam
960 1076 1191 1109 reversus
1227 1066 1317 1107 est.
1399 1058 1498 1108 Sed
1539 1075 1653 1108 cum

199 1125 386 1174 Romae
431 1133 592 1190 esset,
642 1127 871 1175 convenit
905 1126 1034 1175 inter
1067 1127 1228 1192 ipsum
1264 1133 1412 1191 atque
1447 1125 1652 1174 Hadria-

199 1208 316 1240 num
364 1192 679 1257 pontificem,
732 1202 785 1243 ut
837 1192 986 1242 simul
1040 1193 1231 1257 legatos
1284 1192 1539 1241 mitterent
1589 1192 1653 1242 ad

199 1258 511 1308 Tassilonem
552 1259 806 1308 Baioariae
843 1259 1048 1322 ducem,
1095 1259 1176 1325 qui
1221 1274 1335 1308 eum
1371 1273 1653 1308 commone-

199 1332 312 1373 rent
357 1323 419 1373 de
476 1334 814 1390 sacramentO,
867 1326 998 1391 quod
1043 1325 1247 1391 Pippino
1291 1325 1397 1388 regi
1445 1332 1495 1373 et
1539 1323 1654 1374 filiis

200 1391 306 1440 eius
356 1407 413 1439 ac
447 1391 648 1442 Francis
684 1392 957 1456 iuraverat,
1009 1391 1197 1441 scilicet
1233 1397 1285 1439 ut
1319 1389 1569 1440 subiectus
1605 1398 1657 1449 et

200 1457 469 1506 oboediens
506 1459 578 1507 eis
616 1475 727 1507 esse
764 1459 985 1508 deberet.
1054 1458 1206 1506 Electi
1244 1471 1300 1506 ac
1335 1455 1505 1506 directi
1539 1463 1657 1507 sunt

200 1523 250 1572 in
286 1524 415 1572 hanc
449 1524 747 1589 legationem
796 1525 857 1574 de
899 1532 1040 1590 parte
1076 1523 1319 1590 pontificis
1354 1522 1655 1573 Formonsus

200 1606 258 1639 ac
302 1590 547 1640 Damasus
594 1591 838 1657 episcopi,
874 1599 922 1640 et
957 1591 1019 1639 de
1055 1598 1195 1656 parte
1231 1589 1365 1653 regis
1401 1589 1656 1640 Richolfus

201 1657 438 1706 diaconus
483 1666 631 1723 atque
666 1657 982 1707 Eberhardus
1021 1658 1261 1721 magister
1295 1655 1655 1721 pincernarum.

202 1723 471 1788 Quicum,
510 1733 564 1774 ut
598 1724 719 1773 iussi
754 1731 920 1789 erant,
965 1741 1077 1772 cum
1113 1729 1389 1772 memorato
1426 1721 1550 1773 duce
1585 1723 1657 1771 lo·

201 1790 340 1854 quuti
377 1799 558 1855 essent,
595 1790 645 1839 in
675 1799 867 1840 tantum
904 1807 989 1839 cor
1023 1789 1129 1839 eius
1166 1789 1443 1838 emollitum
1478 1796 1571 1854 est,
1606 1794 1660 1838 ut

201 1856 417 1922 diceret,
464 1873 518 1906 se
556 1857 727 1906 statim
775 1858 905 1905 velle
946 1856 1009 1904 ad
1045 1855 1178 1921 regis
1216 1870 1482 1922 properare
1515 1869 1659 1921 prae·

202 1923 437 1988 sentiam,
482 1924 523 1971 si
568 1923 660 1972 sibi
697 1924 822 1972 tales
867 1922 1064 1971 obsides
1101 1923 1303 1986 dentur,
1354 1920 1445 1970 sub
1481 1920 1658 1986 quibus

206 1988 268 2037 de
302 2005 391 2038 sua
427 1990 586 2038 salute
623 1989 848 2037 dubitare
873 1989 1010 2036 nulla
1045 1988 1108 2038 sit
1130 1987 1414 2037 necessitas.
1468 1985 1658 2047 Quibus

203 2054 349 2119 datis,
386 2054 493 2104 sine
529 2055 844 2104 cunctacione
880 2055 1010 2121 apud
1034 2054 1367 2103 Wormaciam
1403 2053 1466 2101 ad
1485 2069 1659 2118 regem

203 2121 361 2183 venit,
410 2129 776 2170 sacramentum
824 2122 953 2186 quod
990 2120 1251 2170 iubebatur
1285 2119 1492 2185 iuravit,
1528 2118 1659 2169 obsi-

204 2188 293 2237 des
341 2187 604 2236 duodecim
656 2188 735 2253 qui
773 2188 1144 2253 imperabantur
1190 2187 1296 2236 sine
1331 2201 1471 2235 mora
1507 2184 1660 2251 dedit,

203 2271 327 2319 quos
353 2254 665 2319 Sindbertus,
702 2253 995 2318 Reginensis
1031 2255 1292 2320 episcopus
1329 2252 1391 2302 de
1417 2251 1660 2318 Baioaria,

203 2321 253 2370 in
271 2321 518 2371 Carisiaco
541 2321 604 2370 ad
640 2329 959 2387 conspectum
996 2322 1130 2384 regis
1153 2319 1368 2368 adduxit.
1406 2318 1504 2367 Sed
1530 2317 1662 2366 idem

205 2387 304 2435 dux
349 2387 555 2435 domum
603 2403 861 2451 reversus,
914 2405 1012 2436 non
1058 2387 1139 2435 diu
1186 2387 1234 2434 in
1271 2402 1330 2433 ea
1366 2400 1513 2450 quam
1548 2399 1660 2451 pro-

205 2454 412 2502 miserat
445 2453 543 2500 fide
581 2454 864 2518 permansit.
919 2455 1019 2503 Rex
1057 2462 1222 2502 autem
1257 2453 1304 2500 in
1343 2451 1518 2500 eadem
1543 2450 1659 2499 villa

204 2519 423 2567 hiemem
468 2520 739 2581 transiens,
793 2528 843 2569 et
889 2522 1103 2570 natalem
1151 2519 1347 2569 Domini
1396 2526 1447 2568 et
1477 2517 1660 2587 pascha

206 2586 385 2636 eodem
421 2587 470 2634 in
505 2587 615 2634 loco
652 2585 932 2636 celebravit.

307 2651 420 2704 782.
473 2653 688 2702 Aestatis
736 2653 902 2718 initio,
953 2669 1065 2702 cum
1116 2654 1211 2701 iam
1257 2657 1460 2718 propter
1493 2649 1662 2716 pabuli

207 2719 397 2785 copiam
425 2720 668 2769 exercitus
694 2719 804 2767 duci
830 2728 1039 2786 poterat,
1067 2720 1114 2768 in
1141 2719 1406 2768 Saxoniam
1427 2717 1662 2779 eundum,
