1754 3120
625 145 675 192 A.
714 143 826 193 781.
863 144 974 192 782.
1461 146 1524 196 23

76 274 142 320 οι
158 266 252 332 ibi,
287 273 344 315 ιιι
375 266 424 314 in
459 265 662 314 Francia
697 265 958 330 quotannis
993 262 1201 328 solebat,
1235 266 1523 328 generalem

75 340 373 389 mentum
421 331 700 381 habendum
744 332 946 383 censuit.
1022 330 1345 396 Traiectoque
1391 333 1523 397 apud

74 397 333 452 coloniam
376 399 572 461 Rheno,
630 413 744 446 cum
790 398 924 447 omni
963 398 1264 446 Francorum
1307 399 1522 448 exercitu

74 465 139 518 nd
174 467 365 517 fontem
391 463 593 528 Lippiae
628 464 779 526 venit,
814 471 865 512 et
899 463 1071 513 castris
1106 464 1173 511 ibi
1207 465 1399 530 positis,
1433 481 1524 531 per

75 533 183 584 dios
226 547 327 586 non
373 545 567 603 paucos
602 529 786 578 ibidem
830 537 1052 578 moratus
1095 537 1185 578 est.
1270 531 1361 579 Ubi
1396 531 1525 582 inter

74 604 247 654 wa·
269 596 471 660 negotia
505 595 653 646 etiam
687 596 882 659 legatos
916 595 1167 659 Sigifridi,
1202 596 1337 659 regis
1362 598 1523 646 Dano-

73 670 244 727 ml,
257 670 310 713 et
343 678 468 728 quos
503 662 566 710 ad
600 678 656 710 se
690 663 920 726 Caganus
954 670 1004 711 et
1039 662 1304 736 IugurruS,
1347 664 1524 727 princi·

70 745 173 806 pes
197 729 484 791 Hunorum,
531 729 666 778 velut
699 729 834 793 pacis
868 745 1016 778 causa
1052 729 1317 793 miserunt,
1353 736 1404 777 et
1439 746 1522 778 au-

72 794 198 847 divit
242 804 295 847 et
341 795 567 845 absolvit.
653 796 898 860 Cumque,
956 802 1201 844 conventu
1257 796 1523 861 completo,

73 869 212 914 bans
244 862 471 912 Rhenum
506 862 556 910 in
591 861 803 909 Galliam
838 877 894 910 se
930 862 1229 926 recepisset,
1272 862 1523 911 Widokin-

73 927 203 992 dns,
241 929 325 993 qui
367 927 431 976 ad
475 926 821 977 Nordmannos
856 929 1172 993 profugerat,
1219 928 1268 975 in
1312 929 1524 992 patriam

70 1009 327 1059 remmus,
370 993 511 1043 vanis
557 994 740 1059 spebus
776 994 1029 1043 Saxonum
1064 994 1256 1042 animos
1291 995 1353 1042 ad
1388 995 1523 1043 defe-

71 1060 290 1112 ctionem
324 1060 598 1110 concitavit.
650 1060 844 1110 Interea
877 1061 984 1125 regi
1010 1061 1229 1116 adlatum
1264 1069 1422 1126 est,q
1426 1061 1522 1109 uod

71 1125 252 1178 Son-abi
285 1126 471 1190 Sclavi,
517 1127 599 1192 qui
644 1143 847 1202 campos
892 1128 1019 1176 inter
1060 1127 1226 1176 Albim
1271 1135 1320 1176 et
1353 1128 1524 1176 Salam

69 1193 418 1250 interiacentes
474 1193 717 1258 incolunt,
771 1211 821 1242 m
873 1194 998 1243 fines
1049 1194 1415 1258 Thuringorum
1466 1210 1526 1244 ac

71 1258 344 1336 Saxonum,
363 1259 446 1325 qui
465 1261 538 1308 eis
563 1269 706 1310 erant
735 1260 1045 1325 contermini,
1081 1260 1351 1326 praedandi
1378 1276 1524 1309 causa

76 1324 288 1377 fuissent
328 1326 567 1390 ingressi,
615 1335 666 1375 et
712 1325 1070 1392 direptionibus
1104 1335 1250 1392 atque
1285 1326 1523 1375 incendiis

77 1391 321 1457 quaedam
364 1393 474 1440 loca
519 1400 812 1442 vastassent.
889 1394 1012 1457 Qui,
1059 1393 1221 1442 statim
1259 1393 1426 1442 accitis
1460 1392 1524 1440 ad

74 1473 133 1509 se
162 1457 320 1508 tribus
346 1457 586 1507 ministris
620 1459 740 1520 suis,
773 1459 1008 1522 Adalgiso
1034 1459 1306 1508 camerario
1340 1467 1391 1508 et
1412 1459 1523 1507 Gei-

73 1524 190 1576 lone
211 1525 394 1574 comite
417 1524 599 1572 stabuli
629 1532 679 1572 et
707 1525 920 1573 Worado
956 1525 1138 1573 comite
1171 1524 1359 1589 palatii,
1382 1541 1523 1591 prae-

72 1589 230 1656 cepit,
264 1596 322 1639 ut
351 1590 562 1654 sumptis
595 1606 766 1639 secum
799 1590 1119 1640 orientalibus
1141 1591 1341 1639 Francis
1375 1599 1524 1656 atque

73 1626 368 1720 Saxox’nibus,
386 1657 751 1705 contumacium
761 1657 1048 1706 Sclavorum
1074 1658 1325 1706 audatiam
1344 1665 1523 1722 quanta

72 1722 351 1797 potuissent
381 1722 632 1772 celeritate
668 1725 1049 1797 conprimerent.
1120 1724 1215 1783 Qui
1243 1741 1355 1772 cum
1389 1725 1524 1773 iussa

74 1787 253 1838 facturn
301 1787 546 1838 Saxoniae
579 1788 706 1837 fines
739 1788 953 1853 ingressi
989 1791 1224 1854 fuissent,
1269 1806 1522 1856 compere-

74 1860 192 1904 runt
245 1853 468 1904 Saxones
520 1869 580 1901 ex
632 1854 837 1903 consilio
888 1856 1173 1904 Widukindi
1224 1856 1285 1903 ad
1336 1856 1523 1904 bellum

70 1919 274 1969 Francis
323 1919 637 1968 inferendum
685 1937 797 1969 esse
839 1929 1188 1995 praeparatos,
1238 1922 1523 1987 omissoque

72 1984 278 2049 itinere,
324 2002 421 2051 quo
457 1986 518 2034 ad
554 1986 759 2035 Sclavos
794 1987 908 2036 ituri
945 1995 1112 2051 erant,
1163 2004 1275 2036 cum
1311 1989 1523 2038 orienta-

71 2051 197 2103 lium
228 2052 528 2101 Francorum
564 2053 718 2119 copiis
753 2053 815 2101 ad
850 2054 1044 2119 locum,
1082 2054 1130 2102 in
1167 2071 1262 2118 quo
1299 2055 1522 2104 Saxones

73 2117 331 2168 audierant
362 2126 723 2182 congregatos,
757 2120 828 2168 ire
862 2120 1176 2169 contendunt.
1248 2121 1436 2179 Quibus
1472 2122 1521 2169 in

72 2184 183 2251 ipsa
215 2184 428 2234 Saxonia
465 2184 682 2234 obviavit
715 2186 1047 2235 Theodericus
1081 2202 1275 2259 comes,
1325 2187 1522 2252 propin·

143 2267 202 2300 us
235 2251 397 2315 regis,
433 2267 544 2299 cum
580 2251 656 2299 his
691 2252 873 2316 copiis,
909 2269 1031 2316 quas
1066 2251 1234 2300 audita
1269 2252 1521 2301 Saxonum

73 2268 351 2367 abiectione
395 2333 482 2382 rap
488 2318 574 2367 tim
629 2317 675 2365 in
724 2317 953 2367 Ribuaria
998 2334 1305 2382 congregare
1348 2318 1520 2383 potuit.

0 2397 5 2426 ἕ
72 2383 124 2433 ls
167 2383 512 2434 festinantibus
557 2384 734 2448 legatis
771 2386 1030 2433 consilium
1065 2384 1226 2444 dedit,
1276 2392 1328 2432 ut
1363 2385 1521 2449 primo

72 2462 164 2517 per
197 2450 554 2516 exploratores,
591 2451 672 2499 ubi
694 2451 916 2500 Saxones
953 2458 1122 2500 essent
1149 2453 1229 2499 vel
1257 2451 1373 2515 quid
1404 2459 1523 2516 aput

64 2530 164 2570 βω
208 2525 466 2581 ageretur,
517 2517 608 2566 sub
662 2526 842 2582 quanta
894 2517 999 2567 lieri
1052 2526 1221 2584 posset
1269 2519 1522 2567 celeiitate

67 2591 449 2659 agnoscerent,
485 2591 607 2648 tum,
642 2585 682 2633 si
715 2585 807 2633 loci
843 2586 1053 2649 qualitas
1072 2592 1341 2650 pateretur,
1377 2585 1523 2634 simul

81 2655 167 2701 00⁸
208 2649 530 2699 adorirentur.
615 2650 765 2701 Cuius
813 2651 1016 2701 consilio
1062 2650 1381 2713 conlaudato,
1428 2666 1522 2699 una
