1754 3120
691 216 746 263 A.
783 214 895 265 826.
1126 288 1143 304 ο
1448 215 1511 261 95

0 391 8 401 ‚
60 335 223 401 tabat,
268 336 403 384 iussu
440 334 663 384 eiusdem
699 337 833 399 regis
867 342 1036 384 contra
1080 341 1278 383 nostros
1312 335 1511 400 accepit.

0 406 5 410 ’
58 401 170 468 8·ss-
188 402 474 469 imperator.
496 401 612 449 licet
648 401 792 450 huius
821 402 892 450 rei
923 403 1148 450 nuntium
1173 402 1392 464 graviter
1417 403 1511 449 fer-

0 475 3 505 2
57 474 155 532 ια’,
187 469 311 518 nihil
333 477 499 518 tamen
527 468 803 516 inconsulte
827 468 1102 531 gerendum
1126 467 1363 530 iudicans,
1399 484 1511 516 con-

0 527 18 557 *
60 534 360 585 &iuniorum
381 549 586 583 suorum
613 533 882 582 adventum
904 534 1075 581 statuit
1098 535 1327 598 opperiri,
1354 542 1510 583 trans·

60 607 268 667 aet-que
301 601 572 649 autumnali
609 599 886 661 venatione,
923 599 1052 646 circa
1086 600 1192 649 Kal.
1224 601 1393 648 Octob.
1424 617 1512 665 per

58 668 294 719 Moenum
326 664 532 715 fluvium
569 681 724 730 usque
769 666 830 713 ad
870 665 1251 713 Franconovurd
1296 667 1513 715 secunda

59 733 483 799 *navigavit
554 732 672 779 Inde
709 732 770 779 ad
806 731 1137 795 Ingilunhaim
1173 731 1336 780 medio
1369 733 1511 781 Octo-

59 799 168 850 brio
195 795 446 861 remens,
497 799 785 862 generalem
831 798 922 861 ibi,
973 807 1024 847 ut
1069 799 1349 846 condictum
1390 807 1512 861 erat,

0 886 2 888 ’
58 865 231 934 pepuli
264 865 343 915 sui
375 872 670 914 conventum
707 864 892 928 habuit,
927 865 977 913 in
1003 882 1099 929 quo
1124 873 1172 914 et
1202 866 1514 929 Ceadragum

59 930 413 983 Abudritorum
458 931 662 994 ducem,
711 947 901 979 necnon
949 940 998 980 et
1045 933 1378 996 Tunglonem,
1431 932 1512 996 qui

161 998 344 1048 deum
379 997 617 1064 perfidiae
653 998 1024 1062 accusabantur,
1062 998 1268 1046 audivit:
1306 1006 1356 1046 et
1386 999 1513 1046 Tun-

0 1120 2 1129 ,
60 1015 265 1131 xum
298 1065 525 1130 quidem,
575 1071 776 1129 accepto
823 1064 884 1111 ab
934 1081 993 1112 eo
1038 1064 1138 1122 filio
1182 1064 1289 1113 eius
1324 1065 1513 1127 obside,

0 1134 2 1136 ’
62 1133 269 1181 ‹ln-um
302 1131 464 1179 redire
500 1131 749 1195 permisit,
788 1130 1098 1194 Ceadragum
1135 1147 1282 1194 vero,
1336 1131 1514 1180 ceteris

60 1196 312 1248 nodi-ius
357 1196 599 1260 dimissis,
656 1213 826 1245 secum
870 1197 1093 1256 retinuit,
1148 1198 1409 1262 missisque
1454 1197 1516 1245 ad

62 1264 303 1330 populum
334 1262 687 1311 Abodritorum
722 1264 928 1326 legatis,
979 1264 1019 1311 si
1056 1279 1169 1310 eum
1209 1264 1299 1311 sibi
1336 1265 1515 1327 vulgus

62 1346 276 1395 regnare
301 1329 468 1391 vellet,
498 1330 780 1394 perquirere
805 1330 969 1391 iussit,
1006 1329 1114 1394 ipse
1138 1338 1304 1378 autem
1329 1332 1515 1394 Aquas·

64 1396 225 1462 grani,
249 1395 333 1444 ubi
357 1395 580 1444 hiemare
601 1396 937 1460 constituerat,
961 1397 1210 1461 profectus
1235 1404 1324 1444 est.
1370 1398 1515 1446 Cum-

63 1478 161 1539 que
195 1463 346 1527 legati
380 1479 506 1527 quos
541 1462 602 1510 ad
630 1462 893 1511 Abodritos
919 1463 1142 1527 miserat,
1177 1463 1364 1511 reversi
1394 1480 1515 1510 nun·

65 1537 299 1592 nossent,
347 1529 536 1576 variam
570 1530 730 1592 gentis
766 1530 896 1578 illius
932 1546 1082 1594 super
1114 1545 1233 1592 rege
1268 1545 1358 1577 suo
1396 1530 1515 1577 reci-

63 1595 245 1662 piendo
279 1595 594 1657 sententiam,
629 1595 862 1643 meliores
898 1602 1064 1643 tamen
1101 1612 1158 1643 ac
1192 1595 1516 1660 praestantio-

64 1677 146 1712 res
179 1676 403 1727 quosque
438 1661 500 1707 de
535 1661 665 1709 illius
700 1661 981 1726 receptione
1017 1663 1346 1726 concordare,
1382 1679 1517 1710 acce·

64 1728 166 1794 ptis
199 1727 263 1776 ab
296 1743 356 1776 eo
392 1742 514 1790 quos
549 1727 880 1791 imperaverat
915 1729 1185 1791 obsidibus,
1222 1729 1269 1776 in
1307 1745 1516 1792 regnum

66 1809 212 1844 snum
246 1808 363 1842 eum
397 1793 514 1840 fecit
549 1794 756 1841 restitui.
826 1794 953 1841 Dum
990 1795 1114 1842 haec
1147 1802 1376 1859 aguntur,
1416 1796 1517 1843 Hil-

67 1859 273 1924 doinuS,
318 1858 472 1907 abbas
517 1859 801 1908 monasterii
837 1860 992 1908 sancti
1035 1860 1239 1908 Dionisii
1283 1862 1516 1924 martiris,

67 1927 276 1976 Romam
322 1925 553 1990 mittens,
600 1926 846 1975 adnuente
889 1926 1114 1991 precibus
1156 1927 1260 1976 eius
1295 1927 1516 1991 Eugenio

70 2000 272 2043 metae
304 1992 437 2040 sedis
470 1993 772 2057 apostolicae
806 2001 922 2041 tunc
957 1994 1209 2058 praesule,
1253 2010 1367 2042 ossa
1404 1994 1517 2042 bea·

65 2057 247 2109 tissimi
286 2058 504 2106 martiris
549 2059 729 2107 Christi
774 2059 1051 2107 Sebastiani
1095 2060 1308 2124 accepit,
1362 2067 1412 2108 et
1458 2076 1517 2108 ea

68 2124 200 2192 apud
244 2124 549 2173 Suessonam
594 2123 844 2173 civitatem
890 2126 939 2172 in
986 2125 1186 2174 basilica
1226 2126 1380 2175 sancti
1417 2128 1516 2175 Me-

0 2227 2 2244 2
69 2189 212 2240 dardi
244 2189 529 2252 collocavit,
577 2189 657 2237 ubi
702 2190 820 2237 dum
868 2191 1027 2238 adhuc
1064 2191 1318 2240 inhumata
1362 2193 1409 2240 in
1444 2194 1516 2240 lo-

0 2266 3 2300 ;
48 2257 200 2321 -culo,
233 2256 283 2304 in
318 2272 415 2320 quo
450 2255 615 2304 adlata
649 2257 871 2319 fuerant,
911 2257 1045 2305 iuxta
1080 2258 1324 2305 tumulum
1359 2259 1516 2307 sancti

69 2321 292 2372 Modnrdi
325 2323 566 2385 iacerent,
612 2331 745 2371 tanta
788 2323 1044 2386 signorum
1087 2340 1143 2372 ac
1178 2323 1517 2388 prodigiorum

0 2398 5 2452 f,
69 2388 334 2438 multitudo
369 2389 569 2453 claruit,
619 2397 755 2438 tanta
795 2390 1031 2439 virtutum
1069 2391 1141 2439 vis
1177 2391 1223 2438 in
1261 2391 1394 2438 omni
1429 2407 1515 2454 ge-

0 2467 5 2507 ?
68 2471 190 2505 nere
236 2454 502 2504 sanitatum
553 2472 643 2521 per
687 2456 902 2504 divinam
953 2458 1165 2520 gratiam
1217 2457 1264 2504 in
1317 2458 1516 2505 nomine

0 2563 6 2575 ,
69 2521 294 2571 eiusdem
329 2520 600 2571 beatissimi
636 2523 849 2571 martiris
872 2523 1059 2585 enituit,
1098 2530 1150 2571 ut
1172 2539 1199 2570 a
1229 2523 1363 2570 nullo
1386 2540 1515 2571 mor-

68 2588 240 2637 talium
286 2587 556 2636 eorundem
603 2589 951 2637 miraculorum
997 2598 1079 2638 aut
1126 2606 1360 2637 numerus
1403 2606 1515 2637 con-

0 2670 3 2698 t
70 2640 324 2720 prffindi,
360 2662 444 2703 aut
478 2654 689 2704 varietas
719 2655 881 2703 verbis
905 2656 1066 2704 valeat
1096 2655 1363 2718 enuntiari,
1399 2673 1516 2720 quo-

69 2735 180 2769 rum
215 2720 455 2786 quaedam
495 2722 614 2770 tanti
651 2723 863 2786 stuporis
900 2738 1009 2771 esse
1041 2730 1316 2785 narrantur,
1354 2729 1406 2770 ut
1430 2723 1517 2771 hu·
