<?xml version="1.0" encoding="UTF-8"?>
<!DOCTYPE html PUBLIC "-//W3C//DTD XHTML 1.0 Transitional//EN"
    "http://www.w3.org/TR/xhtml1/DTD/xhtml1-transitional.dtd">
<html xmlns="http://www.w3.org/1999/xhtml" xml:lang="en" lang="en">
 <head>
  <title>
</title>
<meta http-equiv="Content-Type" content="text/html;charset=utf-8" />
  <meta name='ocr-system' content='tesseract 3.04.00' />
  <meta name='ocr-capabilities' content='ocr_page ocr_carea ocr_par ocr_line ocrx_word'/>
</head>
<body>
  <div class='ocr_page' id='page_1' title='image "./annaleseinhard00einhuoft_0071.png"; bbox 0 0 1754 3120; ppageno 0'>
   <div class='ocr_carea' id='block_1_1' title="bbox 596 207 1503 260">
    <p class='ocr_par' dir='ltr' id='par_1_1' title="bbox 596 207 1503 260">
     <span class='ocr_line' id='line_1_1' title="bbox 596 207 1503 260; baseline -0.007 0"><span class='ocrx_word' id='word_1_1' title='bbox 596 212 649 260; x_wconf 82' lang='lat' dir='ltr'><strong>A.</strong></span> <span class='ocrx_word' id='word_1_2' title='bbox 697 210 812 260; x_wconf 79' lang='lat'><strong>808.</strong></span> <span class='ocrx_word' id='word_1_3' title='bbox 847 210 961 260; x_wconf 87' lang='grc'><strong>809.</strong></span> <span class='ocrx_word' id='word_1_4' title='bbox 1438 207 1503 255; x_wconf 90' lang='grc'><strong>57</strong></span> 
     </span>
    </p>
   </div>
   <div class='ocr_carea' id='block_1_2' title="bbox 52 306 1504 467">
    <p class='ocr_par' dir='ltr' id='par_1_2' title="bbox 52 306 1504 467">
     <span class='ocr_line' id='line_1_2' title="bbox 52 306 1503 397; baseline -0.008 -12"><span class='ocrx_word' id='word_1_5' title='bbox 52 306 366 397; x_wconf 53' lang='lat' dir='ltr'><strong>Dalmatiam,</strong></span> <span class='ocrx_word' id='word_1_6' title='bbox 416 332 594 381; x_wconf 88' lang='lat' dir='ltr'><strong>deinde</strong></span> <span class='ocrx_word' id='word_1_7' title='bbox 623 332 883 381; x_wconf 81' lang='lat' dir='ltr'><strong>Veneciam</strong></span> <span class='ocrx_word' id='word_1_8' title='bbox 926 330 1140 397; x_wconf 91' lang='lat' dir='ltr'><strong>appulit,</strong></span> <span class='ocrx_word' id='word_1_9' title='bbox 1186 343 1394 393; x_wconf 88' lang='lat' dir='ltr'><strong>cumque</strong></span> <span class='ocrx_word' id='word_1_10' title='bbox 1436 327 1503 375; x_wconf 92' lang='lat' dir='ltr'><strong>ibi</strong></span> 
     </span>
     <span class='ocr_line' id='line_1_3' title="bbox 53 393 1504 467; baseline -0.006 -17"><span class='ocrx_word' id='word_1_11' title='bbox 53 401 322 463; x_wconf 68' lang='lat' dir='ltr'><strong>hiemaret,</strong></span> <span class='ocrx_word' id='word_1_12' title='bbox 367 415 484 467; x_wconf 82' lang='lat' dir='ltr'><strong>pars</strong></span> <span class='ocrx_word' id='word_1_13' title='bbox 519 398 625 446; x_wconf 76' lang='lat' dir='ltr'><strong>eius</strong></span> <span class='ocrx_word' id='word_1_14' title='bbox 661 397 995 447; x_wconf 89' lang='lat' dir='ltr'><strong>Comiaclum1</strong></span> <span class='ocrx_word' id='word_1_15' title='bbox 1032 397 1244 446; x_wconf 88' lang='lat' dir='ltr'><strong>insulam</strong></span> <span class='ocrx_word' id='word_1_16' title='bbox 1280 393 1504 457; x_wconf 89' lang='lat' dir='ltr'><strong>accessit,</strong></span> 
     </span>
    </p>
   </div>
   <div class='ocr_carea' id='block_1_3' title="bbox 0 462 1505 599">
    <p class='ocr_par' dir='ltr' id='par_1_3' title="bbox 0 462 1505 599">
     <span class='ocr_line' id='line_1_4' title="bbox 0 462 1505 531; baseline -0.005 -14"><span class='ocrx_word' id='word_1_17' title='bbox 0 481 3 486; x_wconf 87' lang='grc'><em>·</em></span> <span class='ocrx_word' id='word_1_18' title='bbox 55 467 418 531; x_wconf 70' lang='lat' dir='ltr'><strong>mmmissoque</strong></span> <span class='ocrx_word' id='word_1_19' title='bbox 437 465 625 530; x_wconf 90' lang='lat' dir='ltr'><strong>proelio</strong></span> <span class='ocrx_word' id='word_1_20' title='bbox 662 473 831 512; x_wconf 87' lang='lat' dir='ltr'><strong>contra</strong></span> <span class='ocrx_word' id='word_1_21' title='bbox 868 464 1167 528; x_wconf 83' lang='lat' dir='ltr'><strong>praesidium</strong></span> <span class='ocrx_word' id='word_1_22' title='bbox 1203 462 1333 526; x_wconf 85' lang='lat' dir='ltr'><strong>quod</strong></span> <span class='ocrx_word' id='word_1_23' title='bbox 1368 462 1418 509; x_wconf 90' lang='lat' dir='ltr'><strong>in</strong></span> <span class='ocrx_word' id='word_1_24' title='bbox 1445 476 1505 508; x_wconf 86' lang='lat' dir='ltr'><strong>ea</strong></span> 
     </span>
     <span class='ocr_line' id='line_1_5' title="bbox 0 529 1504 599; baseline -0.007 -14"><span class='ocrx_word' id='word_1_25' title='bbox 0 540 6 546; x_wconf 83' lang='grc'><strong><em>’</em></strong></span> <span class='ocrx_word' id='word_1_26' title='bbox 55 532 351 599; x_wconf 71' lang='lat' dir='ltr'><strong>disposiwm</strong></span> <span class='ocrx_word' id='word_1_27' title='bbox 396 538 526 593; x_wconf 85' lang='lat' dir='ltr'><strong>erat,</strong></span> <span class='ocrx_word' id='word_1_28' title='bbox 576 530 703 578; x_wconf 89' lang='lat' dir='ltr'><strong>victa</strong></span> <span class='ocrx_word' id='word_1_29' title='bbox 739 539 887 594; x_wconf 88' lang='lat' dir='ltr'><strong>atque</strong></span> <span class='ocrx_word' id='word_1_30' title='bbox 924 532 1095 592; x_wconf 85' lang='lat' dir='ltr'><strong>fugata</strong></span> <span class='ocrx_word' id='word_1_31' title='bbox 1133 529 1392 576; x_wconf 87' lang='lat' dir='ltr'><strong>Veneciam</strong></span> <span class='ocrx_word' id='word_1_32' title='bbox 1427 543 1504 575; x_wconf 89' lang='lat' dir='ltr'><strong>re-</strong></span> 
     </span>
    </p>
   </div>
   <div class='ocr_carea' id='block_1_4' title="bbox 54 594 1506 727">
    <p class='ocr_par' dir='ltr' id='par_1_4' title="bbox 54 594 1506 727">
     <span class='ocr_line' id='line_1_6' title="bbox 56 594 1506 660; baseline -0.007 -10"><span class='ocrx_word' id='word_1_33' title='bbox 56 599 237 656; x_wconf 62' lang='lat' dir='ltr'><strong>emnia.</strong></span> <span class='ocrx_word' id='word_1_34' title='bbox 294 597 414 645; x_wconf 73' lang='lat' dir='ltr'><strong>Dux</strong></span> <span class='ocrx_word' id='word_1_35' title='bbox 467 603 633 644; x_wconf 88' lang='lat' dir='ltr'><strong>autem</strong></span> <span class='ocrx_word' id='word_1_36' title='bbox 682 596 763 660; x_wconf 90' lang='lat' dir='ltr'><strong>qui</strong></span> <span class='ocrx_word' id='word_1_37' title='bbox 811 595 955 643; x_wconf 83' lang='lat' dir='ltr'><strong>classi</strong></span> <span class='ocrx_word' id='word_1_38' title='bbox 1002 602 1258 659; x_wconf 77' lang='lat' dir='ltr'>praeerat,</span> <span class='ocrx_word' id='word_1_39' title='bbox 1305 594 1506 641; x_wconf 90' lang='lat' dir='ltr'><strong>nomine</strong></span> 
     </span>
     <span class='ocr_line' id='line_1_7' title="bbox 54 661 1506 727; baseline -0.005 -14"><span class='ocrx_word' id='word_1_40' title='bbox 54 664 264 727; x_wconf 56' lang='grc' dir='ltr'><strong>ΝΒ,</strong></span> <span class='ocrx_word' id='word_1_41' title='bbox 322 678 437 710; x_wconf 88' lang='lat' dir='ltr'><strong>cum</strong></span> <span class='ocrx_word' id='word_1_42' title='bbox 482 662 544 710; x_wconf 86' lang='lat' dir='ltr'><strong>de</strong></span> <span class='ocrx_word' id='word_1_43' title='bbox 590 678 710 727; x_wconf 89' lang='lat' dir='ltr'><strong>pace</strong></span> <span class='ocrx_word' id='word_1_44' title='bbox 759 662 886 710; x_wconf 87' lang='lat' dir='ltr'><strong>inter</strong></span> <span class='ocrx_word' id='word_1_45' title='bbox 932 661 1145 708; x_wconf 86' lang='lat' dir='ltr'>Francos</span> <span class='ocrx_word' id='word_1_46' title='bbox 1193 666 1243 707; x_wconf 89' lang='lat' dir='ltr'><strong>et</strong></span> <span class='ocrx_word' id='word_1_47' title='bbox 1289 661 1506 708; x_wconf 86' lang='lat' dir='ltr'><strong>Graecos</strong></span> 
     </span>
    </p>
   </div>
   <div class='ocr_carea' id='block_1_5' title="bbox 15 725 1506 794">
    <p class='ocr_par' dir='ltr' id='par_1_5' title="bbox 15 725 1506 794">
     <span class='ocr_line' id='line_1_8' title="bbox 15 725 1506 794; baseline -0.006 -13"><span class='ocrx_word' id='word_1_48' title='bbox 15 727 423 792; x_wconf 48' lang='lat' dir='ltr'><strong>‘iz-sutanum,</strong></span> <span class='ocrx_word' id='word_1_49' title='bbox 461 729 599 794; x_wconf 86' lang='lat' dir='ltr'><strong>quasi</strong></span> <span class='ocrx_word' id='word_1_50' title='bbox 637 728 729 776; x_wconf 91' lang='lat' dir='ltr'><strong>sibi</strong></span> <span class='ocrx_word' id='word_1_51' title='bbox 764 729 859 776; x_wconf 90' lang='lat' dir='ltr'><strong>hoc</strong></span> <span class='ocrx_word' id='word_1_52' title='bbox 894 736 1028 777; x_wconf 88' lang='lat' dir='ltr'><strong>esset</strong></span> <span class='ocrx_word' id='word_1_53' title='bbox 1053 726 1340 787; x_wconf 84' lang='lat' dir='ltr'><strong>iniunctum,</strong></span> <span class='ocrx_word' id='word_1_54' title='bbox 1375 725 1506 790; x_wconf 92' lang='lat' dir='ltr'><strong>apud</strong></span> 
     </span>
    </p>
   </div>
   <div class='ocr_carea' id='block_1_6' title="bbox 0 792 1508 923">
    <p class='ocr_par' dir='ltr' id='par_1_6' title="bbox 0 792 1508 923">
     <span class='ocr_line' id='line_1_9' title="bbox 0 792 1507 863; baseline -0.005 -18"><span class='ocrx_word' id='word_1_55' title='bbox 0 796 6 836; x_wconf 76' lang='grc' dir='ltr'>ἒ</span> <span class='ocrx_word' id='word_1_56' title='bbox 52 795 142 863; x_wconf 72' lang='lat' dir='ltr'><strong>Pip</strong></span> <span class='ocrx_word' id='word_1_57' title='bbox 177 795 317 844; x_wconf 84' lang='lat' dir='ltr'><strong>inum</strong></span> <span class='ocrx_word' id='word_1_58' title='bbox 336 795 506 844; x_wconf 88' lang='lat' dir='ltr'><strong>ltaliae</strong></span> <span class='ocrx_word' id='word_1_59' title='bbox 535 811 707 858; x_wconf 87' lang='lat' dir='ltr'><strong>regem</strong></span> <span class='ocrx_word' id='word_1_60' title='bbox 739 810 888 857; x_wconf 84' lang='lat' dir='ltr'><strong>agere</strong></span> <span class='ocrx_word' id='word_1_61' title='bbox 911 794 1184 857; x_wconf 88' lang='lat' dir='ltr'><strong>moliretur,</strong></span> <span class='ocrx_word' id='word_1_62' title='bbox 1220 792 1507 840; x_wconf 89' lang='lat' dir='ltr'><strong>Wilhareno</strong></span> 
     </span>
     <span class='ocr_line' id='line_1_10' title="bbox 0 859 1508 923; baseline -0.004 -11"><span class='ocrx_word' id='word_1_63' title='bbox 0 868 5 923; x_wconf 55' lang='grc' dir='ltr'>ξ</span> <span class='ocrx_word' id='word_1_64' title='bbox 55 870 107 912; x_wconf 81' lang='lat' dir='ltr'><strong>ot</strong></span> <span class='ocrx_word' id='word_1_65' title='bbox 218 869 301 910; x_wconf 84' lang='lat' dir='ltr'><strong>ato</strong></span> <span class='ocrx_word' id='word_1_66' title='bbox 346 862 580 910; x_wconf 88' lang='lat' dir='ltr'><strong>Venetiae</strong></span> <span class='ocrx_word' id='word_1_67' title='bbox 626 860 830 908; x_wconf 89' lang='lat' dir='ltr'><strong>ducibus</strong></span> <span class='ocrx_word' id='word_1_68' title='bbox 878 877 1052 908; x_wconf 89' lang='lat' dir='ltr'><strong>omnes</strong></span> <span class='ocrx_word' id='word_1_69' title='bbox 1098 860 1355 908; x_wconf 90' lang='lat' dir='ltr'><strong>inchoatus</strong></span> <span class='ocrx_word' id='word_1_70' title='bbox 1401 859 1508 906; x_wconf 90' lang='lat' dir='ltr'><strong>eius</strong></span> 
     </span>
    </p>
   </div>
   <div class='ocr_carea' id='block_1_7' title="bbox 54 924 1508 1058">
    <p class='ocr_par' dir='ltr' id='par_1_7' title="bbox 54 924 1508 1058">
     <span class='ocr_line' id='line_1_11' title="bbox 54 924 1508 996; baseline -0.004 -18"><span class='ocrx_word' id='word_1_71' title='bbox 54 927 463 996; x_wconf 75' lang='lat' dir='ltr'><strong>impedientibus,</strong></span> <span class='ocrx_word' id='word_1_72' title='bbox 516 935 662 991; x_wconf 87' lang='lat' dir='ltr'><strong>atque</strong></span> <span class='ocrx_word' id='word_1_73' title='bbox 709 927 800 991; x_wconf 90' lang='lat' dir='ltr'><strong>ipsi</strong></span> <span class='ocrx_word' id='word_1_74' title='bbox 850 927 1000 975; x_wconf 87' lang='lat' dir='ltr'><strong>etiam</strong></span> <span class='ocrx_word' id='word_1_75' title='bbox 1043 926 1247 975; x_wconf 90' lang='lat' dir='ltr'><strong>insidias</strong></span> <span class='ocrx_word' id='word_1_76' title='bbox 1291 924 1508 990; x_wconf 87' lang='lat' dir='ltr'><strong>paranti-</strong></span> 
     </span>
     <span class='ocr_line' id='line_1_12' title="bbox 55 991 1508 1058; baseline -0.005 -13"><span class='ocrx_word' id='word_1_77' title='bbox 55 995 175 1057; x_wconf 63' lang='grc' dir='ltr'><strong>Μ,</strong></span> <span class='ocrx_word' id='word_1_78' title='bbox 209 993 404 1058; x_wconf 83' lang='lat' dir='ltr'><strong>cognita</strong></span> <span class='ocrx_word' id='word_1_79' title='bbox 438 995 637 1042; x_wconf 91' lang='lat' dir='ltr'><strong>illorum</strong></span> <span class='ocrx_word' id='word_1_80' title='bbox 666 994 855 1055; x_wconf 84' lang='lat' dir='ltr'><strong>fraude,</strong></span> <span class='ocrx_word' id='word_1_81' title='bbox 892 993 1131 1042; x_wconf 87' lang='lat' dir='ltr'><strong>discessit.</strong></span> <span class='ocrx_word' id='word_1_82' title='bbox 1199 993 1263 1040; x_wconf 86' lang='lat' dir='ltr'><strong>At</strong></span> <span class='ocrx_word' id='word_1_83' title='bbox 1298 992 1345 1039; x_wconf 90' lang='lat' dir='ltr'><strong>in</strong></span> <span class='ocrx_word' id='word_1_84' title='bbox 1383 991 1508 1039; x_wconf 90' lang='lat' dir='ltr'><strong>occi-</strong></span> 
     </span>
    </p>
   </div>
   <div class='ocr_carea' id='block_1_8' title="bbox 0 1058 1509 1269">
    <p class='ocr_par' dir='ltr' id='par_1_8' title="bbox 0 1058 1509 1269">
     <span class='ocr_line' id='line_1_13' title="bbox 0 1058 1508 1133; baseline -0.005 -22"><span class='ocrx_word' id='word_1_85' title='bbox 0 1079 6 1133; x_wconf 67' lang='lat'>;</span> <span class='ocrx_word' id='word_1_86' title='bbox 55 1060 167 1112; x_wconf 70' lang='lat' dir='ltr'><strong>duis</strong></span> <span class='ocrx_word' id='word_1_87' title='bbox 207 1060 429 1127; x_wconf 81' lang='lat' dir='ltr'><strong>partibus</strong></span> <span class='ocrx_word' id='word_1_88' title='bbox 466 1061 676 1108; x_wconf 90' lang='lat' dir='ltr'><strong>domnus</strong></span> <span class='ocrx_word' id='word_1_89' title='bbox 712 1060 978 1108; x_wconf 90' lang='lat' dir='ltr'><strong>Hludoicus</strong></span> <span class='ocrx_word' id='word_1_90' title='bbox 1023 1076 1120 1120; x_wconf 34' lang='lat' dir='ltr'><strong>rex,</strong></span> <span class='ocrx_word' id='word_1_91' title='bbox 1145 1074 1257 1106; x_wconf 90' lang='lat' dir='ltr'><strong>cum</strong></span> <span class='ocrx_word' id='word_1_92' title='bbox 1292 1058 1508 1106; x_wconf 88' lang='lat' dir='ltr'><strong>exercitu</strong></span> 
     </span>
     <span class='ocr_line' id='line_1_14' title="bbox 0 1125 1509 1203; baseline -0.005 -25"><span class='ocrx_word' id='word_1_93' title='bbox 0 1137 8 1203; x_wconf 58' lang='lat' dir='ltr'>fi</span> <span class='ocrx_word' id='word_1_94' title='bbox 53 1126 343 1194; x_wconf 67' lang='lat' dir='ltr'><strong>Hispaniam</strong></span> <span class='ocrx_word' id='word_1_95' title='bbox 377 1129 655 1191; x_wconf 85' lang='lat' dir='ltr'><strong>ingressus,</strong></span> <span class='ocrx_word' id='word_1_96' title='bbox 702 1126 998 1175; x_wconf 84' lang='lat' dir='ltr'><strong>Dertosa1n²</strong></span> <span class='ocrx_word' id='word_1_97' title='bbox 1033 1126 1282 1174; x_wconf 87' lang='lat' dir='ltr'><strong>civitatem</strong></span> <span class='ocrx_word' id='word_1_98' title='bbox 1317 1125 1366 1172; x_wconf 87' lang='lat' dir='ltr'><strong>in</strong></span> <span class='ocrx_word' id='word_1_99' title='bbox 1403 1125 1509 1188; x_wconf 88' lang='lat' dir='ltr'><strong>ripa</strong></span> 
     </span>
     <span class='ocr_line' id='line_1_15' title="bbox 0 1191 1509 1269; baseline -0.005 -24"><span class='ocrx_word' id='word_1_100' title='bbox 0 1205 6 1269; x_wconf 73' lang='grc' dir='ltr'>ξ</span> <span class='ocrx_word' id='word_1_101' title='bbox 52 1193 224 1245; x_wconf 66' lang='lat' dir='ltr'><strong>Hiberi</strong></span> <span class='ocrx_word' id='word_1_102' title='bbox 268 1193 487 1243; x_wconf 85' lang='lat' dir='ltr'><strong>fluminis</strong></span> <span class='ocrx_word' id='word_1_103' title='bbox 538 1194 684 1243; x_wconf 85' lang='lat' dir='ltr'><strong>sitam</strong></span> <span class='ocrx_word' id='word_1_104' title='bbox 732 1193 952 1256; x_wconf 86' lang='lat' dir='ltr'><strong>obsedit,</strong></span> <span class='ocrx_word' id='word_1_105' title='bbox 1018 1198 1407 1256; x_wconf 87' lang='lat' dir='ltr'><strong>consumptoque</strong></span> <span class='ocrx_word' id='word_1_106' title='bbox 1459 1191 1509 1238; x_wconf 91' lang='lat' dir='ltr'><strong>in</strong></span> 
     </span>
    </p>
   </div>
   <div class='ocr_carea' id='block_1_9' title="bbox 56 1259 1509 1327">
    <p class='ocr_par' dir='ltr' id='par_1_9' title="bbox 56 1259 1509 1327">
     <span class='ocr_line' id='line_1_16' title="bbox 56 1259 1509 1327; baseline -0.005 -16"><span class='ocrx_word' id='word_1_107' title='bbox 56 1259 424 1327; x_wconf 50' lang='lat' dir='ltr'><strong>&amp;watione</strong></span> <span class='ocrx_word' id='word_1_108' title='bbox 468 1260 600 1309; x_wconf 85' lang='lat' dir='ltr'><strong>iuius</strong></span> <span class='ocrx_word' id='word_1_109' title='bbox 647 1260 895 1324; x_wconf 90' lang='lat' dir='ltr'><strong>aliquanto</strong></span> <span class='ocrx_word' id='word_1_110' title='bbox 942 1267 1196 1324; x_wconf 87' lang='lat' dir='ltr'><strong>tempore,</strong></span> <span class='ocrx_word' id='word_1_111' title='bbox 1243 1265 1509 1322; x_wconf 85' lang='lat' dir='ltr'>postquam</span> 
     </span>
    </p>
   </div>
   <div class='ocr_carea' id='block_1_10' title="bbox 37 1322 1510 1397">
    <p class='ocr_par' dir='ltr' id='par_1_10' title="bbox 37 1322 1510 1397">
     <span class='ocr_line' id='line_1_17' title="bbox 37 1322 1510 1397; baseline -0.005 -20"><span class='ocrx_word' id='word_1_112' title='bbox 37 1339 170 1397; x_wconf 27' lang='lat' dir='ltr'><strong>‚eum</strong></span> <span class='ocrx_word' id='word_1_113' title='bbox 198 1335 308 1376; x_wconf 84' lang='lat' dir='ltr'><strong>-tam</strong></span> <span class='ocrx_word' id='word_1_114' title='bbox 343 1326 440 1376; x_wconf 88' lang='lat' dir='ltr'><strong>cito</strong></span> <span class='ocrx_word' id='word_1_115' title='bbox 475 1328 582 1392; x_wconf 87' lang='lat' dir='ltr'><strong>capi</strong></span> <span class='ocrx_word' id='word_1_116' title='bbox 627 1344 725 1374; x_wconf 90' lang='lat' dir='ltr'><strong>non</strong></span> <span class='ocrx_word' id='word_1_117' title='bbox 762 1342 909 1391; x_wconf 87' lang='lat' dir='ltr'><strong>posse</strong></span> <span class='ocrx_word' id='word_1_118' title='bbox 945 1326 1092 1386; x_wconf 89' lang='lat' dir='ltr'><strong>vidit,</strong></span> <span class='ocrx_word' id='word_1_119' title='bbox 1139 1324 1342 1372; x_wconf 89' lang='lat' dir='ltr'><strong>dimissa</strong></span> <span class='ocrx_word' id='word_1_120' title='bbox 1379 1322 1510 1371; x_wconf 90' lang='lat' dir='ltr'><strong>obsi-</strong></span> 
     </span>
    </p>
   </div>
   <div class='ocr_carea' id='block_1_11' title="bbox 56 1391 1510 1659">
    <p class='ocr_par' dir='ltr' id='par_1_11' title="bbox 56 1391 1510 1659">
     <span class='ocr_line' id='line_1_18' title="bbox 58 1391 1510 1457; baseline -0.003 -15"><span class='ocrx_word' id='word_1_121' title='bbox 58 1393 234 1457; x_wconf 80' lang='lat' dir='ltr'><strong>dione,</strong></span> <span class='ocrx_word' id='word_1_122' title='bbox 286 1410 399 1441; x_wconf 90' lang='lat' dir='ltr'><strong>cum</strong></span> <span class='ocrx_word' id='word_1_123' title='bbox 453 1394 685 1442; x_wconf 84' lang='lat' dir='ltr'><strong>incolomi</strong></span> <span class='ocrx_word' id='word_1_124' title='bbox 735 1393 950 1441; x_wconf 84' lang='lat' dir='ltr'><strong>exercitu</strong></span> <span class='ocrx_word' id='word_1_125' title='bbox 1004 1392 1050 1439; x_wconf 89' lang='lat' dir='ltr'><strong>in</strong></span> <span class='ocrx_word' id='word_1_126' title='bbox 1096 1391 1409 1455; x_wconf 87' lang='lat' dir='ltr'><strong>Aquitaniam</strong></span> <span class='ocrx_word' id='word_1_127' title='bbox 1453 1405 1510 1438; x_wconf 87' lang='lat' dir='ltr'><strong>se</strong></span> 
     </span>
     <span class='ocr_line' id='line_1_19' title="bbox 57 1455 1509 1525; baseline -0.004 -16"><span class='ocrx_word' id='word_1_128' title='bbox 57 1460 254 1525; x_wconf 71' lang='lat' dir='ltr'><strong>recepit.</strong></span> <span class='ocrx_word' id='word_1_129' title='bbox 347 1460 610 1524; x_wconf 88' lang='lat' dir='ltr'><strong>Postquam</strong></span> <span class='ocrx_word' id='word_1_130' title='bbox 663 1459 897 1508; x_wconf 89' lang='lat' dir='ltr'><strong>Ardulfus</strong></span> <span class='ocrx_word' id='word_1_131' title='bbox 942 1475 1029 1507; x_wconf 87' lang='lat' dir='ltr'><strong>rex</strong></span> <span class='ocrx_word' id='word_1_132' title='bbox 1074 1455 1509 1506; x_wconf 89' lang='lat' dir='ltr'><strong>Nordanhumbro-</strong></span> 
     </span>
     <span class='ocr_line' id='line_1_20' title="bbox 57 1522 1510 1589; baseline -0.004 -14"><span class='ocrx_word' id='word_1_133' title='bbox 57 1542 169 1575; x_wconf 86' lang='lat' dir='ltr'><strong>rum</strong></span> <span class='ocrx_word' id='word_1_134' title='bbox 203 1525 438 1575; x_wconf 83' lang='lat' dir='ltr'><strong>reductus</strong></span> <span class='ocrx_word' id='word_1_135' title='bbox 486 1535 562 1575; x_wconf 87' lang='lat' dir='ltr'><strong>est</strong></span> <span class='ocrx_word' id='word_1_136' title='bbox 605 1526 654 1573; x_wconf 89' lang='lat' dir='ltr'><strong>in</strong></span> <span class='ocrx_word' id='word_1_137' title='bbox 691 1542 899 1589; x_wconf 82' lang='lat' dir='ltr'><strong>regnum</strong></span> <span class='ocrx_word' id='word_1_138' title='bbox 936 1541 1108 1587; x_wconf 86' lang='lat' dir='ltr'><strong>suum,</strong></span> <span class='ocrx_word' id='word_1_139' title='bbox 1150 1532 1200 1571; x_wconf 86' lang='lat' dir='ltr'><strong>et</strong></span> <span class='ocrx_word' id='word_1_140' title='bbox 1235 1523 1384 1586; x_wconf 83' lang='lat' dir='ltr'><strong>legati</strong></span> <span class='ocrx_word' id='word_1_141' title='bbox 1419 1522 1510 1570; x_wconf 87' lang='lat' dir='ltr'><strong>im-</strong></span> 
     </span>
     <span class='ocr_line' id='line_1_21' title="bbox 56 1590 1510 1659; baseline -0.003 -18"><span class='ocrx_word' id='word_1_142' title='bbox 56 1591 301 1659; x_wconf 77' lang='lat' dir='ltr'><strong>peratoris</strong></span> <span class='ocrx_word' id='word_1_143' title='bbox 325 1599 473 1656; x_wconf 86' lang='lat' dir='ltr'><strong>atque</strong></span> <span class='ocrx_word' id='word_1_144' title='bbox 498 1591 743 1657; x_wconf 85' lang='lat' dir='ltr'><strong>pontificis</strong></span> <span class='ocrx_word' id='word_1_145' title='bbox 770 1591 956 1639; x_wconf 89' lang='lat' dir='ltr'><strong>reversi</strong></span> <span class='ocrx_word' id='word_1_146' title='bbox 993 1598 1131 1652; x_wconf 92' lang='lat' dir='ltr'><strong>sunt,</strong></span> <span class='ocrx_word' id='word_1_147' title='bbox 1169 1606 1295 1637; x_wconf 89' lang='lat' dir='ltr'><strong>unus</strong></span> <span class='ocrx_word' id='word_1_148' title='bbox 1332 1605 1391 1637; x_wconf 90' lang='lat' dir='ltr'><strong>ex</strong></span> <span class='ocrx_word' id='word_1_149' title='bbox 1421 1590 1510 1651; x_wconf 81' lang='lat' dir='ltr'><strong>eis,</strong></span> 
     </span>
    </p>
   </div>
   <div class='ocr_carea' id='block_1_12' title="bbox 0 1657 1511 1798">
    <p class='ocr_par' dir='ltr' id='par_1_12' title="bbox 0 1657 1511 1798">
     <span class='ocr_line' id='line_1_22' title="bbox 0 1657 1511 1724; baseline -0.004 -15"><span class='ocrx_word' id='word_1_150' title='bbox 0 1663 7 1724; x_wconf 68' lang='grc' dir='ltr'><em>ξ</em></span> <span class='ocrx_word' id='word_1_151' title='bbox 58 1658 287 1709; x_wconf 79' lang='lat' dir='ltr'><strong>Aldulfus</strong></span> <span class='ocrx_word' id='word_1_152' title='bbox 327 1657 559 1707; x_wconf 88' lang='lat' dir='ltr'><strong>videlicet</strong></span> <span class='ocrx_word' id='word_1_153' title='bbox 604 1658 862 1720; x_wconf 90' lang='lat' dir='ltr'><strong>diaconus,</strong></span> <span class='ocrx_word' id='word_1_154' title='bbox 916 1674 941 1706; x_wconf 86' lang='lat' dir='ltr'><strong>a</strong></span> <span class='ocrx_word' id='word_1_155' title='bbox 991 1657 1161 1722; x_wconf 84' lang='lat' dir='ltr'><strong>piratis</strong></span> <span class='ocrx_word' id='word_1_156' title='bbox 1208 1662 1380 1721; x_wconf 86' lang='lat' dir='ltr'><strong>captus</strong></span> <span class='ocrx_word' id='word_1_157' title='bbox 1417 1663 1511 1718; x_wconf 88' lang='lat' dir='ltr'><strong>est,</strong></span> 
     </span>
     <span class='ocr_line' id='line_1_23' title="bbox 0 1721 1510 1798; baseline -0.003 -25"><span class='ocrx_word' id='word_1_158' title='bbox 0 1728 10 1756; x_wconf 62' lang='grc' dir='ltr'>Γ</span> <span class='ocrx_word' id='word_1_159' title='bbox 59 1724 269 1774; x_wconf 80' lang='lat' dir='ltr'><strong>cacteris</strong></span> <span class='ocrx_word' id='word_1_160' title='bbox 313 1724 420 1773; x_wconf 87' lang='lat' dir='ltr'><strong>sine</strong></span> <span class='ocrx_word' id='word_1_161' title='bbox 447 1725 682 1798; x_wconf 34' lang='lat' dir='ltr'><strong>‘periculo</strong></span> <span class='ocrx_word' id='word_1_162' title='bbox 727 1724 1091 1785; x_wconf 68' lang='lat' dir='ltr'><strong>traicientibus,</strong></span> <span class='ocrx_word' id='word_1_163' title='bbox 1139 1723 1413 1787; x_wconf 91' lang='lat' dir='ltr'><strong>ductusque</strong></span> <span class='ocrx_word' id='word_1_164' title='bbox 1449 1721 1510 1769; x_wconf 92' lang='lat' dir='ltr'><strong>ab</strong></span> 
     </span>
    </p>
   </div>
   <div class='ocr_carea' id='block_1_13' title="bbox 60 1787 1513 2053">
    <p class='ocr_par' dir='ltr' id='par_1_13' title="bbox 60 1787 1513 2053">
     <span class='ocr_line' id='line_1_24' title="bbox 61 1787 1512 1854; baseline -0.004 -13"><span class='ocrx_word' id='word_1_165' title='bbox 61 1791 134 1841; x_wconf 80' lang='lat' dir='ltr'><strong>eis</strong></span> <span class='ocrx_word' id='word_1_166' title='bbox 169 1790 219 1838; x_wconf 85' lang='lat' dir='ltr'><strong>in</strong></span> <span class='ocrx_word' id='word_1_167' title='bbox 253 1789 520 1854; x_wconf 80' lang='lat' dir='ltr'><strong>Brittania,</strong></span> <span class='ocrx_word' id='word_1_168' title='bbox 569 1807 596 1837; x_wconf 89' lang='lat' dir='ltr'><strong>a</strong></span> <span class='ocrx_word' id='word_1_169' title='bbox 632 1790 845 1854; x_wconf 88' lang='lat' dir='ltr'><strong>quodam</strong></span> <span class='ocrx_word' id='word_1_170' title='bbox 882 1790 1106 1839; x_wconf 89' lang='lat' dir='ltr'><strong>Coenulfi</strong></span> <span class='ocrx_word' id='word_1_171' title='bbox 1142 1790 1276 1852; x_wconf 83' lang='lat' dir='ltr'><strong>regis</strong></span> <span class='ocrx_word' id='word_1_172' title='bbox 1311 1787 1512 1836; x_wconf 88' lang='lat' dir='ltr'><strong>homine</strong></span> 
     </span>
     <span class='ocr_line' id='line_1_25' title="bbox 60 1854 1513 1922; baseline -0.005 -15"><span class='ocrx_word' id='word_1_173' title='bbox 60 1857 347 1922; x_wconf 82' lang='lat' dir='ltr'><strong>redemptus</strong></span> <span class='ocrx_word' id='word_1_174' title='bbox 395 1864 498 1918; x_wconf 87' lang='lat' dir='ltr'><strong>est,</strong></span> <span class='ocrx_word' id='word_1_175' title='bbox 552 1857 857 1920; x_wconf 88' lang='lat' dir='ltr'><strong>Romamque</strong></span> <span class='ocrx_word' id='word_1_176' title='bbox 903 1871 1145 1904; x_wconf 87' lang='lat' dir='ltr'><strong>reversus.</strong></span> <span class='ocrx_word' id='word_1_177' title='bbox 1234 1855 1287 1902; x_wconf 91' lang='lat' dir='ltr'><strong>In</strong></span> <span class='ocrx_word' id='word_1_178' title='bbox 1337 1854 1513 1902; x_wconf 86' lang='lat' dir='ltr'><strong>Tuscia</strong></span> 
     </span>
     <span class='ocr_line' id='line_1_26' title="bbox 60 1920 1513 1990; baseline -0.002 -18"><span class='ocrx_word' id='word_1_179' title='bbox 60 1923 413 1990; x_wconf 87' lang='lat' dir='ltr'><strong>Populonium,</strong></span> <span class='ocrx_word' id='word_1_180' title='bbox 455 1922 624 1971; x_wconf 90' lang='lat' dir='ltr'><strong>civitas</strong></span> <span class='ocrx_word' id='word_1_181' title='bbox 660 1923 933 1985; x_wconf 87' lang='lat' dir='ltr'><strong>maritima,</strong></span> <span class='ocrx_word' id='word_1_182' title='bbox 971 1939 998 1969; x_wconf 93' lang='lat' dir='ltr'><strong>a</strong></span> <span class='ocrx_word' id='word_1_183' title='bbox 1034 1920 1234 1970; x_wconf 89' lang='lat' dir='ltr'><strong>Graecis</strong></span> <span class='ocrx_word' id='word_1_184' title='bbox 1272 1920 1352 1985; x_wconf 91' lang='lat' dir='ltr'><strong>qui</strong></span> <span class='ocrx_word' id='word_1_185' title='bbox 1390 1920 1513 1969; x_wconf 88' lang='lat' dir='ltr'><strong>Oro-</strong></span> 
     </span>
     <span class='ocr_line' id='line_1_27' title="bbox 60 1986 1513 2053; baseline -0.003 -15"><span class='ocrx_word' id='word_1_186' title='bbox 60 1987 258 2040; x_wconf 80' lang='lat' dir='ltr'><strong>biotae³</strong></span> <span class='ocrx_word' id='word_1_187' title='bbox 293 1996 526 2038; x_wconf 85' lang='lat' dir='ltr'><strong>vocantur</strong></span> <span class='ocrx_word' id='word_1_188' title='bbox 561 1989 860 2053; x_wconf 86' lang='lat' dir='ltr'><strong>depraedata</strong></span> <span class='ocrx_word' id='word_1_189' title='bbox 897 1997 984 2037; x_wconf 88' lang='lat' dir='ltr'><strong>est.</strong></span> <span class='ocrx_word' id='word_1_190' title='bbox 1041 1988 1195 2035; x_wconf 87' lang='lat' dir='ltr'><strong>Mauri</strong></span> <span class='ocrx_word' id='word_1_191' title='bbox 1233 2002 1425 2051; x_wconf 89' lang='lat' dir='ltr'><strong>quoque</strong></span> <span class='ocrx_word' id='word_1_192' title='bbox 1451 1986 1513 2034; x_wconf 88' lang='lat' dir='ltr'><strong>de</strong></span> 
     </span>
    </p>
   </div>
   <div class='ocr_carea' id='block_1_14' title="bbox 59 2052 1515 2119">
    <p class='ocr_par' dir='ltr' id='par_1_14' title="bbox 59 2052 1515 2119">
     <span class='ocr_line' id='line_1_28' title="bbox 59 2052 1515 2119; baseline -0.005 -12"><span class='ocrx_word' id='word_1_193' title='bbox 59 2056 148 2107; x_wconf 80' lang='lat' dir='ltr'><strong>uis</strong></span> <span class='ocrx_word' id='word_1_194' title='bbox 185 2056 295 2105; x_wconf 83' lang='lat' dir='ltr'><strong>ania</strong></span> <span class='ocrx_word' id='word_1_195' title='bbox 319 2055 569 2105; x_wconf 87' lang='lat' dir='ltr'><strong>Corsicam</strong></span> <span class='ocrx_word' id='word_1_196' title='bbox 604 2055 832 2118; x_wconf 77' lang='lat' dir='ltr'><strong>ingressi,</strong></span> <span class='ocrx_word' id='word_1_197' title='bbox 870 2055 917 2102; x_wconf 87' lang='lat' dir='ltr'><strong>in</strong></span> <span class='ocrx_word' id='word_1_198' title='bbox 954 2055 1060 2119; x_wconf 93' lang='lat' dir='ltr'><strong>ipso</strong></span> <span class='ocrx_word' id='word_1_199' title='bbox 1091 2060 1260 2102; x_wconf 88' lang='lat' dir='ltr'><strong>sancto</strong></span> <span class='ocrx_word' id='word_1_200' title='bbox 1295 2052 1515 2118; x_wconf 85' lang='lat' dir='ltr'><strong>paschali</strong></span> 
     </span>
    </p>
   </div>
   <div class='ocr_carea' id='block_1_15' title="bbox 0 2205 6 2237">
    <p class='ocr_par' dir='ltr' id='par_1_15' title="bbox 0 2205 6 2237">
     <span class='ocr_line' id='line_1_29' title="bbox 0 2205 6 2237; baseline 0 0"><span class='ocrx_word' id='word_1_201' title='bbox 0 2205 6 2237; x_wconf 62' lang='grc' dir='ltr'><strong>’ν</strong></span> 
     </span>
    </p>
   </div>
   <div class='ocr_carea' id='block_1_16' title="bbox 61 2121 1517 2583">
    <p class='ocr_par' dir='ltr' id='par_1_16' title="bbox 61 2121 1517 2583">
     <span class='ocr_line' id='line_1_30' title="bbox 61 2121 1516 2186; baseline -0.004 -14"><span class='ocrx_word' id='word_1_202' title='bbox 61 2122 151 2172; x_wconf 80' lang='lat' dir='ltr'><strong>sab</strong></span> <span class='ocrx_word' id='word_1_203' title='bbox 188 2130 270 2172; x_wconf 88' lang='lat' dir='ltr'><strong>ato</strong></span> <span class='ocrx_word' id='word_1_204' title='bbox 306 2122 554 2170; x_wconf 89' lang='lat' dir='ltr'><strong>civitatem</strong></span> <span class='ocrx_word' id='word_1_205' title='bbox 590 2122 836 2185; x_wconf 89' lang='lat' dir='ltr'><strong>quandam</strong></span> <span class='ocrx_word' id='word_1_206' title='bbox 868 2121 1198 2186; x_wconf 85' lang='lat' dir='ltr'><strong>diripuerunt,</strong></span> <span class='ocrx_word' id='word_1_207' title='bbox 1236 2128 1284 2169; x_wconf 91' lang='lat' dir='ltr'><strong>et</strong></span> <span class='ocrx_word' id='word_1_208' title='bbox 1320 2127 1516 2184; x_wconf 88' lang='lat' dir='ltr'><strong>praeter</strong></span> 
     </span>
     <span class='ocr_line' id='line_1_31' title="bbox 62 2186 1515 2255; baseline -0.004 -16"><span class='ocrx_word' id='word_1_209' title='bbox 62 2189 351 2255; x_wconf 79' lang='lat' dir='ltr'><strong>episcopum</strong></span> <span class='ocrx_word' id='word_1_210' title='bbox 387 2203 444 2235; x_wconf 85' lang='lat' dir='ltr'><strong>ac</strong></span> <span class='ocrx_word' id='word_1_211' title='bbox 477 2203 660 2253; x_wconf 89' lang='lat' dir='ltr'><strong>paucos</strong></span> <span class='ocrx_word' id='word_1_212' title='bbox 696 2204 841 2235; x_wconf 89' lang='lat' dir='ltr'><strong>senes</strong></span> <span class='ocrx_word' id='word_1_213' title='bbox 871 2195 1016 2250; x_wconf 90' lang='lat' dir='ltr'><strong>atque</strong></span> <span class='ocrx_word' id='word_1_214' title='bbox 1052 2186 1276 2234; x_wconf 82' lang='lat' dir='ltr'><strong>infirmos</strong></span> <span class='ocrx_word' id='word_1_215' title='bbox 1311 2186 1431 2233; x_wconf 89' lang='lat' dir='ltr'><strong>nihil</strong></span> <span class='ocrx_word' id='word_1_216' title='bbox 1467 2186 1515 2233; x_wconf 92' lang='lat' dir='ltr'><strong>in</strong></span> 
     </span>
     <span class='ocr_line' id='line_1_32' title="bbox 64 2252 1515 2320; baseline -0.005 -15"><span class='ocrx_word' id='word_1_217' title='bbox 64 2271 125 2306; x_wconf 80' lang='lat' dir='ltr'><strong>ea</strong></span> <span class='ocrx_word' id='word_1_218' title='bbox 169 2255 489 2320; x_wconf 87' lang='lat' dir='ltr'><strong>reliquerunt.</strong></span> <span class='ocrx_word' id='word_1_219' title='bbox 567 2254 759 2302; x_wconf 75' lang='lat' dir='ltr'><strong>Interea</strong></span> <span class='ocrx_word' id='word_1_220' title='bbox 796 2252 1096 2302; x_wconf 84' lang='lat' dir='ltr'><strong>Godofridus</strong></span> <span class='ocrx_word' id='word_1_221' title='bbox 1142 2268 1226 2299; x_wconf 87' lang='lat' dir='ltr'><strong>rex</strong></span> <span class='ocrx_word' id='word_1_222' title='bbox 1264 2252 1515 2299; x_wconf 88' lang='lat' dir='ltr'><strong>Danorum</strong></span> 
     </span>
     <span class='ocr_line' id='line_1_33' title="bbox 63 2317 1516 2389; baseline -0.005 -18"><span class='ocrx_word' id='word_1_223' title='bbox 63 2337 155 2389; x_wconf 82' lang='lat' dir='ltr'><strong>per</strong></span> <span class='ocrx_word' id='word_1_224' title='bbox 198 2321 534 2385; x_wconf 77' lang='lat' dir='ltr'><strong>negotiatores</strong></span> <span class='ocrx_word' id='word_1_225' title='bbox 581 2320 822 2384; x_wconf 90' lang='lat' dir='ltr'><strong>quosdam</strong></span> <span class='ocrx_word' id='word_1_226' title='bbox 874 2319 1152 2381; x_wconf 88' lang='lat' dir='ltr'><strong>mandavit,</strong></span> <span class='ocrx_word' id='word_1_227' title='bbox 1203 2333 1257 2365; x_wconf 87' lang='lat' dir='ltr'><strong>se</strong></span> <span class='ocrx_word' id='word_1_228' title='bbox 1302 2317 1516 2380; x_wconf 88' lang='lat' dir='ltr'><strong>audisse,</strong></span> 
     </span>
     <span class='ocr_line' id='line_1_34' title="bbox 66 2383 1517 2454; baseline -0.004 -18"><span class='ocrx_word' id='word_1_229' title='bbox 66 2387 197 2454; x_wconf 90' lang='lat' dir='ltr'><strong>quod</strong></span> <span class='ocrx_word' id='word_1_230' title='bbox 244 2386 513 2453; x_wconf 80' lang='lat' dir='ltr'><strong>imperator</strong></span> <span class='ocrx_word' id='word_1_231' title='bbox 561 2389 604 2434; x_wconf 89' lang='lat' dir='ltr'><strong>ei</strong></span> <span class='ocrx_word' id='word_1_232' title='bbox 642 2387 818 2435; x_wconf 83' lang='lat' dir='ltr'><strong>fuisset</strong></span> <span class='ocrx_word' id='word_1_233' title='bbox 854 2386 1035 2448; x_wconf 87' lang='lat' dir='ltr'><strong>iratus,</strong></span> <span class='ocrx_word' id='word_1_234' title='bbox 1080 2402 1167 2450; x_wconf 87' lang='lat' dir='ltr'><strong>pro</strong></span> <span class='ocrx_word' id='word_1_235' title='bbox 1206 2400 1263 2431; x_wconf 88' lang='lat' dir='ltr'><strong>eo</strong></span> <span class='ocrx_word' id='word_1_236' title='bbox 1301 2383 1431 2448; x_wconf 89' lang='lat' dir='ltr'><strong>quod</strong></span> <span class='ocrx_word' id='word_1_237' title='bbox 1467 2383 1517 2431; x_wconf 91' lang='lat' dir='ltr'><strong>in</strong></span> 
     </span>
     <span class='ocr_line' id='line_1_35' title="bbox 66 2451 1517 2518; baseline -0.005 -14"><span class='ocrx_word' id='word_1_238' title='bbox 66 2454 330 2505; x_wconf 84' lang='lat' dir='ltr'><strong>Abodritos</strong></span> <span class='ocrx_word' id='word_1_239' title='bbox 366 2470 492 2502; x_wconf 87' lang='lat' dir='ltr'><strong>anno</strong></span> <span class='ocrx_word' id='word_1_240' title='bbox 528 2454 783 2518; x_wconf 86' lang='lat' dir='ltr'><strong>superiore</strong></span> <span class='ocrx_word' id='word_1_241' title='bbox 830 2452 966 2501; x_wconf 90' lang='lat' dir='ltr'><strong>duxit</strong></span> <span class='ocrx_word' id='word_1_242' title='bbox 1010 2451 1279 2499; x_wconf 88' lang='lat' dir='ltr'><strong>exercitum</strong></span> <span class='ocrx_word' id='word_1_243' title='bbox 1316 2458 1366 2499; x_wconf 89' lang='lat' dir='ltr'><strong>et</strong></span> <span class='ocrx_word' id='word_1_244' title='bbox 1401 2466 1517 2498; x_wconf 90' lang='lat' dir='ltr'><strong>suas</strong></span> 
     </span>
     <span class='ocr_line' id='line_1_36' title="bbox 67 2516 1517 2583; baseline -0.005 -13"><span class='ocrx_word' id='word_1_245' title='bbox 67 2521 200 2570; x_wconf 83' lang='lat' dir='ltr'><strong>ultus</strong></span> <span class='ocrx_word' id='word_1_246' title='bbox 248 2528 325 2569; x_wconf 88' lang='lat' dir='ltr'><strong>est</strong></span> <span class='ocrx_word' id='word_1_247' title='bbox 360 2520 585 2583; x_wconf 86' lang='lat' dir='ltr'><strong>iniurias,</strong></span> <span class='ocrx_word' id='word_1_248' title='bbox 634 2520 821 2568; x_wconf 89' lang='lat' dir='ltr'><strong>addens</strong></span> <span class='ocrx_word' id='word_1_249' title='bbox 857 2520 984 2567; x_wconf 88' lang='lat' dir='ltr'><strong>velle</strong></span> <span class='ocrx_word' id='word_1_250' title='bbox 1022 2535 1076 2566; x_wconf 86' lang='lat' dir='ltr'><strong>se</strong></span> <span class='ocrx_word' id='word_1_251' title='bbox 1112 2533 1324 2582; x_wconf 83' lang='lat' dir='ltr'><strong>purgare</strong></span> <span class='ocrx_word' id='word_1_252' title='bbox 1362 2516 1421 2563; x_wconf 88' lang='lat' dir='ltr'><strong>ab</strong></span> <span class='ocrx_word' id='word_1_253' title='bbox 1458 2533 1517 2564; x_wconf 90' lang='lat' dir='ltr'><strong>eo</strong></span> 
     </span>
    </p>
   </div>
   <div class='ocr_carea' id='block_1_17' title="bbox 0 2583 1519 2654">
    <p class='ocr_par' dir='ltr' id='par_1_17' title="bbox 0 2583 1519 2660">
     <span class='ocr_line' id='line_1_37' title="bbox 0 2583 1519 2654; baseline -0.005 -17"><span class='ocrx_word' id='word_1_254' title='bbox 0 2593 13 2626; x_wconf 62' lang='lat' dir='ltr'><strong>&#39;t</strong></span> <span class='ocrx_word' id='word_1_255' title='bbox 69 2587 200 2654; x_wconf 83' lang='lat' dir='ltr'><strong>quod</strong></span> <span class='ocrx_word' id='word_1_256' title='bbox 245 2587 290 2636; x_wconf 89' lang='lat' dir='ltr'><strong>ei</strong></span> <span class='ocrx_word' id='word_1_257' title='bbox 327 2586 654 2648; x_wconf 69' lang='lat' dir='ltr'><strong>obiciebatur,</strong></span> <span class='ocrx_word' id='word_1_258' title='bbox 704 2586 917 2634; x_wconf 89' lang='lat' dir='ltr'><strong>foederis</strong></span> <span class='ocrx_word' id='word_1_259' title='bbox 961 2585 1290 2650; x_wconf 86' lang='lat' dir='ltr'><strong>inruptionem</strong></span> <span class='ocrx_word' id='word_1_260' title='bbox 1326 2583 1386 2631; x_wconf 87' lang='lat' dir='ltr'><strong>ab</strong></span> <span class='ocrx_word' id='word_1_261' title='bbox 1423 2583 1519 2630; x_wconf 91' lang='lat' dir='ltr'><strong>illis</strong></span> 
     </span>
    </p>
   </div>
   <div class='ocr_carea' id='block_1_18' title="bbox 0 2674 8 2739">
    <p class='ocr_par' dir='ltr' id='par_1_18' title="bbox 0 2674 8 2739">
     <span class='ocr_line' id='line_1_38' title="bbox 0 2674 8 2739; baseline 0 -6"><span class='ocrx_word' id='word_1_262' title='bbox 0 2674 8 2739; x_wconf 54' lang='grc' dir='ltr'>ξ</span> 
     </span>
    </p>
   </div>
   <div class='ocr_carea' id='block_1_19' title="bbox 69 2651 1518 2720">
    <p class='ocr_par' dir='ltr' id='par_1_19' title="bbox 69 2651 1518 2720">
     <span class='ocr_line' id='line_1_39' title="bbox 69 2651 1518 2720; baseline -0.005 -17"><span class='ocrx_word' id='word_1_263' title='bbox 69 2653 228 2720; x_wconf 85' lang='lat' dir='ltr'><strong>primo</strong></span> <span class='ocrx_word' id='word_1_264' title='bbox 276 2653 430 2702; x_wconf 87' lang='lat' dir='ltr'><strong>fuisse</strong></span> <span class='ocrx_word' id='word_1_265' title='bbox 479 2652 770 2701; x_wconf 90' lang='lat' dir='ltr'><strong>inchoatam.</strong></span> <span class='ocrx_word' id='word_1_266' title='bbox 856 2651 1057 2700; x_wconf 87' lang='lat' dir='ltr'><strong>Petebat</strong></span> <span class='ocrx_word' id='word_1_267' title='bbox 1092 2651 1269 2711; x_wconf 87' lang='lat' dir='ltr'><strong>etiam,</strong></span> <span class='ocrx_word' id='word_1_268' title='bbox 1317 2657 1370 2698; x_wconf 90' lang='lat' dir='ltr'><strong>ut</strong></span> <span class='ocrx_word' id='word_1_269' title='bbox 1405 2664 1518 2696; x_wconf 88' lang='lat' dir='ltr'><strong>con·</strong></span> 
     </span>
    </p>
   </div>
   <div class='ocr_carea' id='block_1_20' title="bbox 0 2731 1326 2782">
    <p class='ocr_par' dir='ltr' id='par_1_20' title="bbox 0 2731 1326 2782">
     <span class='ocr_line' id='line_1_40' title="bbox 0 2731 1326 2782; baseline -0.007 -8"><span class='ocrx_word' id='word_1_270' title='bbox 0 2733 11 2773; x_wconf 59' lang='grc' dir='ltr'><strong>«λ</strong></span> <span class='ocrx_word' id='word_1_271' title='bbox 76 2735 108 2782; x_wconf 79' lang='lat'><strong>1)</strong></span> <span class='ocrx_word' id='word_1_272' title='bbox 134 2734 363 2772; x_wconf 70' lang='lat' dir='ltr'><strong>Com-ccmo.</strong></span> <span class='ocrx_word' id='word_1_273' title='bbox 470 2735 504 2779; x_wconf 87' lang='grc'><strong>2)</strong></span> <span class='ocrx_word' id='word_1_274' title='bbox 531 2733 695 2771; x_wconf 74' lang='lat' dir='ltr'><strong>Tonosa.</strong></span> <span class='ocrx_word' id='word_1_275' title='bbox 803 2732 836 2779; x_wconf 90' lang='grc'><strong>3)</strong></span> <span class='ocrx_word' id='word_1_276' title='bbox 864 2733 887 2768; x_wconf 86' lang='lat' dir='ltr'><strong>i.</strong></span> <span class='ocrx_word' id='word_1_277' title='bbox 913 2744 945 2770; x_wconf 85' lang='lat' dir='ltr'><strong>e.</strong></span> <span class='ocrx_word' id='word_1_278' title='bbox 973 2733 1146 2768; x_wconf 78' lang='lat' dir='ltr'><strong>montium</strong></span> <span class='ocrx_word' id='word_1_279' title='bbox 1174 2731 1326 2767; x_wconf 80' lang='lat' dir='ltr'><strong>incolae.</strong></span> 
     </span>
    </p>
   </div>
   <div class='ocr_carea' id='block_1_21' title="bbox 0 2829 21 2893">
    <p class='ocr_par' dir='ltr' id='par_1_21' title="bbox 0 2829 21 2893">
     <span class='ocr_line' id='line_1_41' title="bbox 0 2829 15 2855; baseline 0 -20"><span class='ocrx_word' id='word_1_280' title='bbox 0 2829 15 2855; x_wconf 18' lang='lat' dir='ltr'><strong>,v</strong></span> 
     </span>
     <span class='ocr_line' id='line_1_42' title="bbox 2 2873 21 2893; baseline 0 -10"><span class='ocrx_word' id='word_1_281' title='bbox 2 2873 21 2893; x_wconf 48' lang='lat'><strong>‚2</strong></span> 
     </span>
    </p>
   </div>
  </div>
 </body>
</html>
