1754 3120
614 218 667 265 A.
704 216 813 266 819.
851 216 961 265 820.
1448 214 1511 262 77

61 343 122 393 lis
142 340 356 404 inclusit,
393 347 441 388 et
465 340 568 404 ipse
604 354 715 385 cum
742 337 933 386 delecta
957 351 1105 383 manu
1142 350 1269 382 nunc
1303 350 1331 382 a
1353 344 1510 399 tergo,

63 425 193 459 nunc
234 425 263 456 a
298 407 453 456 latere
488 404 745 467 insistens,
791 402 1044 450 Liudewiti
1079 402 1246 467 copias
1282 409 1332 451 et
1366 409 1511 451 noctu

63 483 115 525 et
174 473 387 524 interdiu
438 486 747 536 quacumque
799 476 992 533 poterat
1043 468 1301 531 laceravit,
1354 484 1513 534 neque

59 557 181 604 ⁴eum
216 541 264 590 in
299 554 388 588 sua
423 536 673 602 provincia
708 535 890 598 inpune
929 534 1112 581 versari
1150 535 1398 598 permisit,
1452 534 1513 582 ad

66 614 342 669 extremum
369 602 507 668 gravi
544 602 725 650 damno
764 599 1014 648 adfectum
1051 600 1253 662 regione
1291 617 1379 648 sua
1404 617 1513 648 coe-

65 670 441 789 ffi’rexcedere,
484 669 638 718 tribus
674 667 931 715 hominum
967 665 1164 714 milibus
1200 666 1262 713 de
1299 667 1515 715 exercitu

65 756 82 789 ι
123 739 198 788 'us
223 737 512 800 interfectis,
549 744 598 784 et
633 732 866 784 trecentis
903 733 982 781 vel
1019 748 1077 781 eo
1108 732 1319 798 amplius
1356 733 1515 780 cabal-

66 806 128 856 lis
160 805 343 872 captis,
388 809 584 870 praeter
619 802 838 850 sarcinas
872 806 923 847 et
958 799 1115 864 spolia
1151 799 1332 848 diversi
1366 814 1516 863 gene-

66 872 138 923 ris
173 872 392 938 direpta3
430 885 554 935 quae
590 866 800 933 qualiter
835 874 975 929 gesta
1012 865 1221 928 fuerint,
1258 882 1347 931 per
1382 867 1516 929 lega-

66 946 145 990 tos
179 954 296 989 suos
330 935 615 1002 imperatori
657 932 883 982 nuntiare
918 932 1118 980 curavit.
1186 933 1250 981 At
1285 933 1331 980 in
1369 933 1518 997 parti-

68 1005 162 1056 bus
195 1002 408 1054 occiduis
444 1002 694 1067 Pippinus,
731 999 1042 1064 imperatoris
1078 998 1225 1062 filius,
1262 999 1396 1046 iussu
1433 1015 1517 1063 pa-

68 1069 160 1122 tris
206 1069 521 1119 wasconiam
569 1084 679 1116 cum
724 1066 940 1115 exercitu
982 1066 1265 1128 ingressus,
1312 1065 1520 1114 sublatis

69 1153 131 1188 ex
164 1153 223 1186 ea
257 1135 532 1197 seditiosis,
583 1141 737 1183 totam
784 1149 895 1181 eam
939 1132 1237 1197 provinciam
1274 1132 1342 1180 ita
1375 1148 1518 1197 paca-

69 1204 168 1270 vit,
213 1210 268 1252 ut
312 1203 476 1252 nullus
523 1201 572 1249 in
617 1217 676 1249 ea
718 1198 918 1248 rebellis
965 1206 1046 1247 aut
1086 1198 1406 1246 inoboediens
1443 1214 1519 1246 re-

69 1270 315 1320 mansisse
349 1269 610 1318 videretur.
679 1266 942 1315 Harioldus
978 1281 1171 1329 quoque
1207 1264 1344 1313 iussu
1367 1265 1520 1329 impe-

39 1338 250 1396 ,tatoris
293 1336 354 1384 ad
401 1351 552 1383 naves
587 1349 701 1382 suas
739 1349 827 1398 per
864 1330 1126 1380 Abodritos
1163 1332 1420 1393 reductus,
1470 1331 1518 1378 in

71 1403 314 1470 patriam,
361 1400 500 1466 quasi
545 1416 755 1464 regnum
791 1399 857 1447 ibi
893 1406 1209 1463 accepturus,
1254 1397 1519 1461 navigavit,

73 1470 151 1519 cui
189 1485 244 1518 se
286 1469 383 1518 duo
433 1485 490 1516 ex
528 1467 639 1516 filiis
674 1465 956 1526 Godofridi,
1007 1465 1144 1528 quasi
1182 1480 1278 1511 una
1313 1480 1423 1511 cum
1461 1479 1520 1511 eo

72 1551 282 1600 regnum
326 1535 565 1597 habituri,
617 1533 831 1581 sociasse
876 1531 1124 1592 dicuntur,
1177 1530 1286 1578 aliis
1331 1529 1521 1593 duobus

107 1602 230 1651 atria
280 1601 510 1665 expulsis.
609 1599 707 1647 Sed
761 1599 854 1646 hoc
906 1596 1020 1644 dolo
1073 1598 1257 1645 factum
1308 1604 1520 1661 putatur.

96 1675 373 1735 inperator,
409 1672 653 1715 conventu
689 1664 911 1727 di1niss0,
947 1663 1106 1728 primo
1135 1663 1473 1712 Cruciniacum
1488 1661 1522 1725 ¹,

74 1735 253 1784 deinde
286 1730 544 1797 Bingia1n²
579 1732 810 1790 veniens,
846 1730 1063 1779 secunda
1099 1746 1224 1793 aqua
1261 1728 1521 1779 Confluen-

74 1810 178 1851 tem
213 1815 367 1864 usque
402 1815 491 1864 per
513 1798 738 1846 Rhenum
774 1796 1038 1858 navigavit,
1075 1796 1188 1843 inde
1205 1796 1524 1844 Arduennam

75 1866 286 1916 venandi
306 1865 463 1929 gratia
490 1863 839 1929 proficiscitur3
876 1862 1128 1910 venatorio
1155 1877 1347 1926 quoque
1385 1877 1524 1910 exer-

77 1933 190 1984 citio
224 1947 364 1981 more
399 1930 606 1980 solemni
653 1930 836 1978 ibidem
873 1935 1072 1991 exacto,
1119 1929 1425 1993 Aquasgrani
1462 1928 1525 1976 ad

75 1998 393 2050 hiemandum
428 1997 703 2046 revertitur.

174 2101 288 2152 820.
325 2102 494 2150 Mense
530 2099 752 2148 Ianuario
789 2104 1059 2146 conventus
1094 2097 1278 2145 ibidem
1314 2096 1526 2160 habitus,

78 2169 127 2216 in
174 2183 270 2233 quo
316 2166 377 2214 de
433 2166 686 2214 Liudewiti
739 2163 1015 2212 defectione
1063 2163 1389 2211 deliberatum
1435 2172 1527 2226 est,

0 2252 3 2270 ³
79 2241 134 2283 ut
179 2240 282 2282 tres
330 2232 571 2281 exercitus
616 2231 763 2279 simul
799 2246 859 2277 ex
894 2229 1049 2276 tribus
1071 2230 1307 2303 'partibus
1346 2230 1406 2277 ad
1444 2230 1527 2277 de-

0 2339 5 2363 ÷
79 2299 372 2349 vastandam
425 2299 530 2348 eius
574 2298 828 2361 regionem
879 2303 1023 2359 atque
1068 2295 1221 2360 ipsius
1275 2296 1528 2343 audaciam

0 2379 4 2383 ’
81 2366 404 2416 coercendam
439 2365 766 2414 mitterentur.
836 2362 996 2410 Borna
1022 2379 1215 2426 quoque
1253 2362 1410 2426 primo
1441 2378 1529 2427 per

81 2433 303 2497 legatos,
339 2431 516 2480 deinde
551 2431 656 2497 ipse
693 2429 920 2491 venienS,
959 2428 1074 2493 quid
1111 2428 1200 2477 sibi
1241 2430 1367 2477 facto
1405 2445 1529 2493 opus

0 2516 3 2550 ῑ
83 2514 196 2549 esse
242 2498 522 2562 videretur,
570 2495 835 2562 suggessit.
915 2496 968 2543 In
1015 2511 1073 2543 eo
1110 2502 1349 2543 conventu
1387 2494 1528 2554 Bera,

0 2621 2 2623 ,
83 2580 252 2615 comes
293 2564 618 2627 Barcinonae,
668 2563 748 2628 qui
794 2562 890 2610 iam
935 2562 1017 2609 diu
1056 2561 1240 2610 fraudis
1277 2570 1325 2609 et
1361 2560 1529 2608 infide-

83 2631 234 2683 litatis
267 2647 294 2679 a
331 2630 501 2680 vicinis
535 2629 638 2679 suis
674 2628 1066 2690 insimulabatur,
1102 2644 1212 2677 cum
1247 2634 1530 2676 accusatore

0 2717 2 2719 >
87 2743 119 2791 1)
144 2742 364 2782 Ctenznach.
472 2744 505 2790 2)
530 2742 680 2789 ningen.
