1754 3120
36 0 77 147 l-

16 188 104 354 e
548 208 847 259 ΕιΝιιΑιιυι
884 206 1187 258 ANNALES.
1566 209 1594 242 v

139 341 470 400 „narrantum
506 340 558 381 ut
594 331 839 379 humanae
874 329 1225 380 imbecillitatis
1267 329 1417 377 tidem
1453 346 1592 378 exce-

21 402 52 486 ἱ
139 400 376 466 „dei-ent:
412 397 503 447 nisi
521 405 711 445 certum
738 405 872 445 esset
897 397 1149 445 dominum
1175 404 1397 446 nostrum
1429 397 1592 446 lesum

22 480 55 516 r*
141 468 450 532 „Christum‚
486 479 577 528 pro
608 480 702 527 quo
740 463 871 510 idem
907 462 1222 511 beatissimus
1259 470 1446 527 martyr
1481 480 1591 528 pas-

140 545 264 600 ’ss‘
291 536 407 580 osse
437 530 720 592 dinoscitur,
748 529 910 577 onmia
951 544 1076 593 quae
1113 530 1217 575 vult
1251 547 1341 594 per
1376 530 1591 578 divinam

117 596 585 664 wnipotentiam
634 597 798 644 facere
835 611 1004 661 posse,
1059 596 1105 643 in
1161 611 1253 660 qua
1309 597 1377 643 illi
1430 597 1591 645 omnis

128 667 399 731 ,quantun-a
437 664 485 712 in
522 664 660 711 coelo
698 670 748 711 et
782 663 830 710 in
867 671 1000 711 terra
1021 661 1238 710 subiecta
1277 662 1405 710 estf‘
1459 663 1591 721 Quae

131 745 249 787 m
292 730 457 780 iisdem
493 731 684 779 omnino
735 729 889 776 verbis
922 729 969 775 in
1005 728 1261 776 annalibus
1293 729 1471 777 nostris
1503 730 1590 776 sub

132 795 278 858 anem
326 799 444 846 antii
488 796 587 846 826
630 795 875 859 Ieyantnr,
925 810 1012 842 nec
1054 795 1111 842 de
1160 799 1357 843 auctore
1402 811 1487 842 nec
1534 795 1591 843 de

136 878 330 921 sumna
373 864 531 926 operis
572 861 665 920 fide
710 861 922 910 dubitari
968 862 1172 924 amplius
1211 878 1356 924 posse
1398 863 1591 925 quisque

144 931 156 943 ⁶
272 930 284 942 ⁶
321 931 331 940 ‘
355 966 371 991 ,
419 933 466 977 et
504 928 712 976 eiusdem
745 929 998 976 testimonii
1043 944 1075 975 a
1112 927 1342 976 Chesnio²
1382 931 1590 989 primum

305 997 315 1007 ⁸
348 996 419 1044 vis
451 994 806 1058 Mabillonium‚
842 997 922 1059 qui
956 996 1003 1042 in
1038 994 1299 1042 Annalibus
1328 994 1590 1042 Benedicti-

132 1065 212 1113 κίε
246 1077 376 1112 anno
413 1062 510 1112 774
532 1063 701 1111 Cointii
736 1062 1002 1110 rationibus
1020 1063 1069 1109 in
1105 1062 1363 1110 adversam
1390 1077 1442 1109 se
1472 1077 1589 1124 par-

126 1133 230 1181 tem
262 1129 439 1179 abduci
468 1145 647 1192 passus
677 1131 865 1192 fuerat⁷
911 1131 1027 1176 anni
1052 1128 1160 1177 826
1193 1129 1445 1177 historiam
1479 1144 1590 1176 con-

130 1200 292 1246 fluere
325 1211 607 1260 ayyressum
642 1198 711 1244 ita
742 1197 1039 1259 perstrinxit,
1088 1200 1142 1243 ut
1174 1200 1220 1243 et
1251 1198 1350 1258 ipse
1384 1194 1589 1242 Einhar-

136 1262 252 1312 ffinm
271 1267 531 1311 -uuctorem
565 1265 724 1325 operis
759 1266 1053 1326 aynosceret.
1137 1263 1317 1310 Contra
1358 1261 1591 1309 Trithemii

135 1328 286 1390 lones,
321 1345 415 1394 quo
445 1329 719 1378 Einhardus
753 1331 941 1393 „vitam
977 1337 1026 1376 et
1061 1336 1200 1391 gesta
1238 1329 1400 1377 Caroli
1435 1328 1588 1393 impe-

136 1396 316 1444 ratoris
362 1395 527 1458 Magni
575 1396 655 1442 lib.
695 1397 743 1454 3,
799 1395 1174 1443 translationem
1220 1410 1412 1459 quoque
1448 1411 1588 1459 prae-

134 1461 380 1511 dictorum
415 1468 689 1524 martyrum
726 1460 806 1508 lib.
839 1463 883 1524 l,
920 1461 1176 1509 historiam
1201 1461 1434 1510 transacti
1465 1467 1588 1508 tem-

134 1527 270 1594 poris
313 1527 396 1575 lib.
450 1529 493 1589 l,
540 1535 590 1576 et
633 1527 874 1592 quaedam
922 1526 1053 1574 alia“
1110 1528 1355 1589 scripsisse
1403 1527 1588 1590 leyitur7

133 1594 353 1661 quamvis
385 1609 444 1641 ne
480 1593 542 1642 ab
577 1594 871 1642 adversariis
905 1594 1092 1657 quidem
1120 1596 1450 1656 impnynatus,
1486 1596 1588 1651 fru-

132 1665 240 1710 m
285 1665 444 1709 tamen
492 1676 525 1708 a
561 1660 758 1709 Chesnio
794 1663 843 1708 in
876 1661 1084 1709 medium
1120 1661 1402 1721 adducitur,
1446 1677 1588 1725 quum

140 1725 377 1775 Memii
420 1729 688 1788 opinionem
733 1728 891 1775 solida
938 1730 1123 1775 ratione
1165 1727 1298 1775 nulla
1344 1729 1451 1789 niti,
1505 1729 1591 1775 secl

136 1808 350 1842 errorem
401 1794 562 1855 potius
605 1794 872 1841 vocandam
920 1810 1045 1855 esse,
1101 1795 1282 1841 initium
1333 1797 1589 1842 sententiae

135 1859 324 1922 „vitam
359 1866 411 1906 et
430 1866 572 1921 gesta
607 1860 799 1908 Caroli.
822 1898 831 1908 .
854 1859 932 1906 lib.
961 1860 1026 1908 3⁶⁶
1054 1862 1174 1907 satis
1201 1860 1450 1907 ostendat.-
1481 1860 1588 1908 hinc

135 1926 258 1973 enim
291 1924 590 1973 Trithemium
618 1925 829 1972 codicem
854 1925 1046 1988 (quales
1074 1925 1302 1989 hodieque
1331 1926 1586 1974 Hannove-

135 2007 239 2055 rae,
269 1990 589 2053 Vindobonae,
613 1991 808 2054 Gothae,
831 1991 1087 2053 ΜοηαεΙιίἱ,
1108 1992 1347 2040 Cassellae
1367 1997 1414 2040 et
1424 1993 1588 2041 Mode-

134 2073 229 2107 nae
248 2058 527 2121 supersunt)
563 2063 758 2106 nactum
790 2060 938 2116 fuisse
966 2063 1117 2121 patet,
1153 2060 1200 2106 in
1235 2075 1327 2123 quo
1353 2059 1589 2108 Einlzardi

136 2125 262 2173 vitae
297 2123 467 2172 Karoli
501 2129 547 2172 et
580 2125 782 2173 annales
816 2127 967 2173 nostri
1001 2130 1048 2172 et
1080 2125 1175 2173 duo
1211 2127 1435 2174 monachi
1462 2127 1587 2174 San--

134 2190 363 2255 yallensis
384 2191 442 2238 de
477 2193 620 2254 {lestis
649 2191 820 2238 Karoli
849 2192 958 2238 libri
980 2192 1214 2239 subiuncti
1236 2198 1402 2255 essent,
1439 2210 1588 2257 eaque

134 2257 300 2307 omnia
321 2257 446 2305 male
480 2259 683 2315 confusa
718 2260 765 2304 in
801 2273 946 2305 unum
969 2257 1206 2305 Einhardi
1222 2274 1394 2306 nomen
1429 2264 1587 2307 trans-

133 2324 310 2374 tulisse.
395 2323 492 2372 Nec
537 2329 697 2372 tamen
755 2324 968 2372 Odilonis
1015 2326 1328 2372 testimonium
1382 2327 1587 2387 unicum,

264 2389 538 2439 Einhardus
573 2393 705 2454 operi
740 2396 911 2439 auctor
946 2395 1218 2453 asseratur,
1256 2396 1588 2455 arqurnenturri

233 2471 365 2505 emus
376 2475 394 2518 ,-
435 2473 549 2506 nam
594 2463 648 2506 ut
676 2460 882 2521 primum
926 2474 958 2505 a
996 2459 1204 2520 Cunetio,
1254 2461 1463 2507 omnium
1501 2460 1587 2507 ad-

136 2539 303 2573 versae
348 2525 581 2586 opinionis
627 2525 769 2585 duce,
827 2527 872 2573 in
921 2524 1181 2573 Annalibus
1229 2526 1387 2574 eccles.
1436 2527 1586 2574 Fran-

141 2636 171 2684 1)
200 2636 402 2674 Nucnnrius
430 2639 607 2686 quendam
636 2638 891 2674 Benedicti-nae
918 2640 1104 2683 religionis
1133 2641 1368 2681 monachum,
1399 2638 1586 2680 Froben-us,

136 2686 360 2732 praefatione
396 2687 430 2721 in
467 2686 647 2733 Anonymi
686 2689 792 2723 vitam
832 2686 1038 2723 illudowici
1075 2687 1151 2727 Pii,
1189 2695 1225 2722 nt
1261 2689 1409 2734 opinor,
1445 2688 1586 2726 ducum,

137 2730 325 2770 Additum
353 2739 428 2770 sive
454 2734 697 2772 Adhemarum
725 2743 907 2771 auctorem
936 2737 1213 2782 praedaverat.
