1754 3120
276 201 342 251 64
692 197 991 246 EINHARDI
1029 197 1315 248 ANNALES

273 335 447 387 pacem
482 337 508 368 a
534 319 747 367 Niciforo
771 319 1016 383 inceptam
1036 317 1356 367 confirmavit.
1408 320 1533 369 Nam
1551 318 1725 385 Aquis-

274 387 443 450 grani,
506 385 588 432 uhi
650 384 711 432 ad
765 385 1117 449 imperatorem
1166 391 1434 449 venerunt,
1485 386 1724 452 seriptum

274 453 401 517 pacti
438 450 498 498 ab
536 467 596 499 eo
632 451 681 498 in
717 451 925 500 ecclesia
961 451 1311 516 suscipientes,
1346 467 1486 500 more
1522 469 1641 517 suo,
1675 453 1724 501 id

273 525 349 566 est
384 519 571 566 Graeca
604 517 797 580 lingua,
845 517 1015 566 laudes
1063 519 1106 565 ei
1146 517 1398 582 dixerunt,
1451 518 1723 584 Imperato-

272 600 380 632 rem
424 599 543 632 eum
587 591 636 631 et
665 584 1294 695 ςΕο,Δῑρ-,ςὲιειὶιςιξὺεψρεΙΙεαιιιῑεὲε.,
1342 591 1393 633 et
1427 585 1722 635 revertendo

271 651 480 699 Romam
514 650 798 711 venientes,
835 667 883 696 m
955 650 1122 697 asilica
1156 650 1311 698 sancti
1345 650 1477 699 Petri
1512 652 1725 717 apostoli

271 718 487 765 eundem
523 717 652 781 pacti
697 731 784 763 seu
823 715 1038 762 foederis
1075 714 1299 762 libellum
1334 730 1363 764 a
1397 715 1563 765 Leone
1596 734 1725 782 papa

270 784 433 831 denuo
488 789 822 846 susceperunt.
910 780 1097 839 Quibus
1151 781 1395 846 dimissiS,
1453 782 1724 849 imperator

269 850 489 913 generali
536 856 780 896 conventu
815 848 967 911 Aquis
1003 847 1293 896 solemniter
1326 847 1524 914 habito,
1569 849 1722 899 Bern-

269 916 481 963 hardum
517 915 673 964 filium
708 914 921 979 Pippini,
971 922 1202 979 nepotem
1239 931 1408 978 suum,
1445 915 1492 964 in
1529 914 1722 964 ltaliam

55 993 58 1004 ⁴
176 975 181 982 ’Ἴ
268 982 426 1045 misit,
461 989 511 1030 et
545 989 747 1047 propter
782 982 967 1028 famam
1002 980 1190 1043 classis,
1226 996 1351 1044 quae
1381 988 1431 1029 et
1465 981 1528 1030 de
1555 982 1722 1032 Africa

267 1057 320 1098 et
355 1050 416 1097 de
441 1048 675 1113 Hispania
712 1047 773 1096 ad
810 1047 1097 1095 vastandam
1125 1047 1317 1095 ltaliam
1353 1054 1558 1096 ventura
1592 1048 1718 1097 dice-

268 1116 428 1178 batur,
464 1115 724 1163 Walanem
759 1113 914 1162 filium
941 1113 1212 1161 Bernhardi
1250 1113 1486 1178 patruelis
1507 1114 1584 1163 sui
1606 1130 1719 1163 cum

266 1182 351 1230 illo
388 1198 499 1230 esse
535 1182 703 1244 iussit,
741 1181 1058 1245 quoadusque
1094 1196 1260 1228 rerum
1296 1187 1503 1229 eventus
1537 1181 1718 1229 securi-

265 1256 419 1296 tatem
454 1249 636 1296 nostris
664 1247 891 1295 adferret.
942 1247 1076 1294 Haec
1111 1247 1283 1295 classis
1312 1246 1491 1311 partim
1527 1246 1575 1294 in
1600 1248 1718 1296 Cor-

265 1315 446 1377 sicam,
494 1314 675 1379 partim
720 1313 770 1360 in
807 1312 1085 1361 Sardiniam
1121 1313 1283 1375 venit,
1325 1320 1377 1361 et
1423 1327 1482 1362 ea
1517 1312 1716 1378 quidem

265 1398 379 1446 pars
417 1396 541 1444 quae
577 1380 637 1428 ad
675 1379 952 1427 Sardiniam
990 1387 1067 1427 est
1102 1378 1292 1441 delata,
1333 1394 1461 1444 pene
1495 1385 1599 1428 tota
1634 1379 1717 1428 de-

261 1449 364 1502 leta
399 1454 488 1495 est.
559 1446 745 1496 Classis
782 1446 931 1495 etiam
967 1446 1401 1493 Nordmannorum
1432 1444 1717 1495 Hiberniam

256 1514 547 1574 Scottorum
598 1514 810 1560 insulam
861 1513 1124 1575 adgressa,
1185 1512 1550 1576 commissoque
1603 1528 1716 1560 cum

244 1579 446 1635 ,f-'Scottis
482 1578 699 1644 proelio,
746 1585 887 1643 parte
923 1594 1019 1625 non
1057 1577 1249 1624 modica
1285 1577 1715 1627 Nordmannorum

241 1638 250 1678 ‘3
263 1647 548 1710 interfecta,
601 1644 811 1709 turpiter
855 1643 1087 1707 fugiendo
1133 1643 1336 1690 domum
1380 1659 1581 1692 reversa
1625 1652 1713 1693 est.

262 1714 362 1761 Pax
410 1728 521 1760 cum
555 1712 741 1760 Abulaz
791 1726 909 1773 rege
962 1710 1347 1758 Sarracenorum
1394 1710 1548 1773 faeta,
1593 1709 1714 1759 item

261 1795 373 1827 cum
421 1779 544 1826 duce
584 1779 1045 1825 Beneventanorum
1093 1775 1409 1836 Grimoaldo,
1451 1782 1500 1824 et
1544 1774 1711 1825 tributi

262 1844 460 1894 nomine
513 1843 686 1907 viginti
740 1843 954 1907 quinque
1014 1841 1149 1888 milia
1200 1840 1473 1890 solidorum
1525 1842 1631 1890 auri
1683 1858 1712 1891 a

259 1911 620 1960 Beneventanis
657 1909 831 1958 soluta.
912 1906 1169 1972 Expeditio
1219 1909 1346 1956 facta
1387 1907 1450 1955 ad
1486 1907 1709 1973 wiltzos,

259 1985 312 2026 et
345 1977 405 2025 ab
452 1977 524 2025 eis
561 1976 759 2025 obsides
795 1974 994 2038 accepti.
1081 1972 1345 2022 Harioldus
1382 1981 1432 2022 et
1466 1973 1710 2038 Reginfri·

259 2045 378 2106 dus,
413 2059 559 2105 reges
593 2043 872 2103 Danorum,
909 2040 1059 2087 missa
1095 2039 1156 2085 ad
1190 2039 1538 2104 imperatorem
1573 2041 1708 2104 lega-

259 2111 419 2172 tione,
467 2123 639 2173 pacem
684 2113 883 2171 petunt,
930 2114 981 2154 et
1027 2107 1230 2153 fratrem
1275 2121 1419 2154 suum
1454 2105 1707 2161 Hemmin-

257 2192 378 2240 gum
421 2174 514 2223 sibi
557 2173 740 2222 remitti
784 2180 971 2235 rogant.
1059 2172 1165 2219 Hoc
1207 2188 1334 2220 anno
1379 2169 1546 2222 Idibus
1591 2172 1706 2222 Maii

257 2248 372 2307 post
407 2240 666 2288 meridiem
701 2239 820 2287 solis
857 2237 1069 2302 eclypsis
1105 2237 1210 2286 fuit.
1480 2275 1482 2278 .
1576 2274 1577 2277 η

358 2307 471 2356 813.
523 2306 799 2371 Imperator
842 2304 1137 2369 Aquisgrani
1184 2301 1443 2366 hiemavit,
1495 2310 1544 2351 et
1586 2301 1704 2353 inci-

256 2375 422 2439 piente
474 2373 611 2420 verni
664 2372 903 2435 temperie
957 2369 1293 2418 Amalharium
1345 2369 1703 2420 Treverensem
1745 2389 1754 2427 ξ

255 2440 543 2504 episcopum
590 2446 640 2486 et
674 2438 873 2485 Petrum
919 2437 1150 2484 abbatem
1185 2434 1470 2485 monasterii
1507 2435 1702 2489 Nonan·
1744 2436 1754 2496 ξ

255 2506 386 2555 tulas
421 2512 623 2569 propter
649 2519 823 2569 pacem
858 2519 970 2551 cum
989 2501 1228 2550 Michaele
1265 2501 1565 2566 imperatore
1587 2516 1703 2551 con·
1740 2503 1754 2538 '³-

254 2571 549 2620 firmandam
575 2568 1052 2635 Constantinopolim
1086 2568 1234 2616 misit.
1284 2569 1414 2617 Pons
1448 2566 1578 2632 apud
1597 2567 1700 2615 Mo·
1739 2554 1754 2623 ἔ

253 2637 537 2702 gontiacum
571 2653 743 2686 mense
778 2636 907 2684 Maio
942 2635 1168 2684 incendio
1204 2632 1552 2698 conflagravit,
1622 2640 1702 2682 ost
1738 2627 1754 2676 >4

254 2705 384 2769 quod
410 2704 678 2769 imperator
698 2720 808 2751 cum
840 2705 889 2750 in
917 2702 1181 2750 Arduenna
1203 2707 1482 2762 venaretur,
1516 2713 1579 2763 pe
1615 2714 1700 2747 um
1732 2694 1754 2798 ἔ

1732 2801 1754 2834 ³!

1721 2991 1754 3120 5
