1754 3120
246 191 308 239 74
658 187 958 238 ElNHARDl
997 188 1284 238 ANNALES

243 313 371 360 inter
405 326 529 376 quos
564 317 615 357 et
650 310 796 375 aliqui
833 309 1079 375 episcopi,
1130 308 1430 359 Anshelmus
1464 309 1696 358 Mediola-

244 378 441 440 nensiS,
479 383 529 424 et
564 376 844 425 Wolfoldus
881 376 1253 439 Cremonensis,
1306 382 1355 424 et
1391 375 1696 425 Theodull'us

244 442 623 492 Aurelianensis.

343 511 456 560 818.
510 510 713 558 Detecta
767 509 941 558 fraude
978 515 1029 556 et
1062 508 1398 556 coniuratione
1433 509 1695 573 patefacta,

243 593 300 625 ac
334 576 587 625 sediciosis
622 575 850 624 omnibus
885 577 932 623 in
958 581 1255 640 potestatem
1291 590 1432 623 suam
1468 573 1697 636 redactis,

243 644 514 708 imperator
547 643 855 706 Aquasgrani
891 642 1172 703 revertitur,
1209 648 1554 706 transactoque
1580 655 1697 706 qua-

243 710 558 774 dragesimali
609 708 813 771 ieiunio,
866 707 1035 772 paucis
1088 714 1200 771 post
1248 713 1472 755 sanctum
1515 707 1698 772 pascha

243 776 415 824 diebus
464 773 814 823 coniurationis
859 780 1110 835 auctores,
1160 773 1240 837 qui
1277 772 1505 838 superius
1539 773 1698 822 nomi-

244 843 344 891 nati
381 850 519 903 sunt,
557 840 704 889 simul
741 848 789 889 et
822 856 994 904 regem
1029 839 1207 887 iudicio
1233 839 1532 888 Francorum
1567 839 1698 904 capi-

243 910 329 957 tali
366 908 611 957 sententia
647 908 1024 971 condemnatos,
1070 906 1338 954 luminibus
1373 913 1565 955 tantum
1599 906 1697 954 ius-

243 976 308 1023 sit
354 975 544 1038 0rbari,
611 974 871 1040 episcopos
928 973 1153 1038 synodali
1200 973 1398 1021 decreto
1443 971 1698 1038 depositos

243 1041 555 1090 monasteriis
591 1042 890 1107 mancipari,
925 1049 1174 1102 caeteros,
1211 1046 1354 1105 prout
1389 1039 1596 1104 quisque
1616 1039 1698 1086 vel

243 1109 500 1157 nocentior
528 1109 608 1156 vel
644 1108 951 1156 innocentior
986 1106 1276 1173 apparebat,
1314 1107 1394 1154 vel
1431 1106 1578 1154 exilio
1614 1105 1699 1152 de-

242 1175 454 1240 portari,
507 1176 586 1223 vel
622 1174 822 1223 detondi
866 1181 1012 1239 atque
1061 1174 1108 1221 in
1145 1172 1460 1221 monasteriis
1495 1187 1698 1220 conver-

244 1242 357 1290 sari.
427 1243 586 1305 Atque
632 1242 707 1289 his
744 1242 810 1290 ita
846 1240 1121 1305 dispositis,
1170 1241 1276 1305 ipse
1323 1254 1438 1287 cum
1483 1237 1698 1287 maximo

244 1308 461 1356 exercitu
512 1306 836 1356 Brittanniam
889 1308 1180 1371 adgressus,
1245 1305 1533 1369 generalem
1583 1320 1698 1352 con·-

242 1383 448 1423 ventum
498 1372 739 1423 Venedis1
783 1374 966 1422 habuit.
1059 1373 1178 1421 lnde
1224 1379 1552 1420 memoratam
1586 1386 1699 1436 pro-

242 1442 453 1489 vinciam
500 1442 780 1505 ingressus,
829 1440 984 1506 captis
1029 1439 1289 1488 rebellium
1331 1437 1699 1500 munitionibus,

243 1508 381 1555 brevi
401 1516 557 1557 totam
592 1508 640 1555 in
677 1524 820 1556 suam
841 1514 1142 1572 potestatem
1178 1523 1276 1554 non
1309 1521 1493 1570 magno
1528 1504 1700 1552 labore

243 1575 451 1638 redegit.
505 1575 630 1622 Nam
653 1582 915 1639 postquam
940 1575 1241 1636 Mormanus,
1278 1573 1358 1636 qui
1393 1573 1443 1620 in
1477 1587 1536 1620 ea
1558 1585 1700 1636 prae-

244 1649 322 1690 ter
367 1641 570 1690 solitum
613 1640 916 1689 Brittonibus
963 1655 1154 1687 morem
1191 1638 1381 1702 regiam
1417 1637 1509 1686 sibi
1544 1636 1700 1685 vindi-

245 1716 443 1757 caverat
459 1714 775 1773 potestatem,
813 1707 872 1754 ab
910 1707 1126 1754 exercitu
1161 1704 1474 1769 imperatoris
1510 1703 1701 1752 occisus

245 1783 350 1839 est,
386 1776 552 1823 nullus
587 1774 739 1823 Britto
775 1772 1138 1836 inveniebatur,
1176 1771 1259 1835 qui
1294 1770 1574 1834 resisteret,
1618 1776 1704 1818 aut

245 1842 326 1907 qui
362 1840 604 1907 imperata
641 1842 832 1904 facere,
878 1846 964 1887 aut
997 1838 1079 1904 qui
1116 1837 1314 1887 obsides
1348 1837 1431 1902 qui
1466 1835 1700 1884 iubeban-

244 1917 324 1958 tur
350 1908 469 1956 dare
494 1915 771 1956 rennueret.
827 1907 934 1965 Qua
959 1905 1270 1971 expeditione
1294 1903 1556 1970 completa,
1587 1918 1700 1951 cum

245 1976 544 2040 imperator,
583 1974 788 2022 dimisso
825 1973 1072 2035 exercitu,
1124 1972 1413 2019 Andecavos
1449 1969 1700 2018 civitatem

246 2050 379 2090 esset
425 2057 680 2103 reversus,
735 2038 1057 2102 Irmingardis
1105 2038 1299 2101 regina,
1354 2034 1530 2084 coniux
1576 2034 1700 2095 eius,

245 2123 393 2172 quam
430 2106 745 2172 proficiscens
781 2105 847 2153 ibi
884 2113 1226 2168 aegrotantem
1263 2103 1544 2165 dimiserat,
1580 2101 1700 2149 duo-

244 2175 337 2222 bus
380 2173 554 2222 diebus
599 2182 861 2238 postquam
906 2172 1014 2237 ipse
1059 2171 1119 2218 ad
1165 2186 1274 2218 eam
1320 2169 1482 2232 venit,
1526 2167 1702 2217 morbo

245 2242 579 2289 invalescente
633 2241 676 2303 5.
726 2241 891 2287 Nonas
943 2238 1110 2287 Octob.
1165 2235 1391 2285 decessit.
1479 2234 1701 2301 Eclpsis

247 2309 367 2357 solis
414 2308 619 2370 contigit
663 2306 707 2355 8.
744 2306 859 2354 Idus
904 2305 1028 2354 Iulii.
1108 2304 1383 2369 Imperator
1426 2316 1519 2367 per
1595 2308 1701 2350 atu-

245 2391 449 2439 magum
478 2382 528 2422 et
556 2390 644 2438 per
673 2373 942 2421 Ambianos
978 2379 1028 2420 et
1052 2371 1374 2420 Camaracum
1395 2367 1700 2434 Aquasgrani

247 2442 309 2490 ad
356 2440 717 2489 hibernandum
765 2455 1022 2501 reversus,
1075 2454 1185 2486 cum
1234 2435 1574 2484 Heristallium
1615 2448 1699 2482 ve·
1752 2491 1754 2494 .

246 2508 425 2570 nisset,
462 2507 634 2555 obvios
670 2506 843 2554 habuit
878 2506 1072 2568 legatos
1108 2503 1335 2568 Sigonis,
1372 2500 1511 2550 ducis
1543 2499 1699 2549 Bene-

247 2582 598 2637 ventanorum,
660 2573 788 2620 dona
840 2573 1148 2631 deferentes,
1203 2583 1415 2634 eumque
1466 2567 1528 2618 de
1578 2582 1700 2615 nece
1743 2583 1754 2636 j

247 2641 489 2692 Grimoldi
525 2641 661 2689 ducis
698 2639 1024 2689 antecessoris
1070 2639 1143 2686 sui
1180 2643 1482 2686 excusantes·
1551 2633 1702 2683 Erant
1748 2638 1754 2693 ζ

254 2723 283 2765 1)
311 2721 468 2759 Vannes.
