1754 3120
254 239 318 288 68
670 237 969 285 ElNHARDl
1009 237 1294 286 ANNALES

356 361 469 410 815.
508 359 699 406 lussum
738 366 814 406 est
848 359 909 406 ab
946 359 1276 423 imperatore7
1314 363 1366 405 ut
1401 357 1624 407 Saxones
1658 366 1709 408 et

261 426 477 475 Abodriti
502 425 561 472 ad
588 425 714 472 hanc
735 424 1099 490 expeditionem
1123 431 1550 490 praepararentur,
1586 434 1709 476 tem·

258 499 546 557 ptatumque
591 490 638 538 in
687 491 770 539 illa
805 492 967 539 hieme
1004 491 1193 539 duabus
1229 490 1445 554 vicibus,
1498 490 1540 540 si
1573 491 1710 540 Albis

261 558 453 607 transiri
502 565 700 632 posset,
747 559 836 605 sed
872 557 1145 606 mutatione
1181 557 1343 606 subita
1380 555 1509 606 aeris
1556 558 1709 606 emol-

261 625 332 674 liti
385 625 544 688 glacie
590 623 806 672 fluminis
861 625 1109 683 resoluta,
1163 623 1418 687 negotium
1474 622 1712 672 remansit

260 692 513 753 infectum,
550 690 706 737 donec
736 689 934 736 tandem
965 690 1127 736 hieme
1164 697 1411 737 transacta
1445 689 1574 738 circa
1609 706 1710 738 me-

260 757 396 805 dium
434 758 537 803 fere
562 754 744 803 Maium
776 770 1001 803 mensem
1037 762 1336 820 oportunum
1371 754 1711 820 proficiscendi

260 832 457 887 tempus
521 820 706 869 adrisit.
810 821 946 869 Tunc
998 837 1171 869 omnes
1224 821 1451 869 Saxonici
1505 822 1711 871 comites

261 904 533 952 omnesque
567 886 917 935 Abodritorum
955 888 1124 952 copiae
1162 904 1274 935 cum
1300 889 1464 952 legato
1500 888 1710 954 impera·

261 955 383 1004 toris
419 954 668 1018 Baldrico,
707 954 834 1002 sicut
870 953 1059 1002 iussum
1096 962 1216 1017 erat,
1254 954 1316 1001 ad
1353 953 1587 1003 auxilium
1615 954 1711 1003 Ha-

261 1021 419 1070 rioldo
468 1020 726 1068 ferendum
769 1027 906 1068 trans
952 1020 1251 1083 Aegidoram
1287 1019 1493 1068 fluvium
1530 1022 1578 1070 in
1617 1028 1711 1069 ter·

262 1105 369 1136 ram
392 1087 824 1135 Nordmannorum
848 1087 1087 1134 vocabulo
1114 1084 1364 1135 Sinlendi¹
1403 1087 1710 1152 perveniunt,

262 1163 312 1203 et
359 1153 472 1202 inde
507 1154 743 1218 profecti,
791 1154 1002 1219 septimo
1051 1154 1250 1202 tandem
1286 1153 1364 1201 die
1400 1153 1448 1201 in
1484 1154 1592 1203 loco
1629 1154 1711 1219 qui

262 1220 439 1268 dicitur
466 1257 476 1266 .
508 1257 518 1267 .
548 1258 557 1267 .
589 1220 639 1267 in
683 1220 825 1268 litore
874 1220 1043 1269 oceani
1089 1228 1248 1269 castra
1286 1227 1496 1286 ponunt:
1548 1219 1712 1285 ibique

262 1285 455 1335 stativis
490 1285 651 1334 triduo
688 1286 884 1350 habitis⁷
919 1303 1031 1334 cum
1066 1286 1151 1334 filii
1171 1286 1444 1348 Godofridi,
1480 1286 1560 1351 qui
1598 1303 1711 1336 con-

263 1360 338 1400 tra
361 1369 447 1400 eos
471 1352 668 1416 magnis
693 1353 845 1417 copiis
881 1360 930 1401 et
961 1353 1282 1400 ducentarum
1319 1353 1518 1400 navium
1553 1354 1712 1402 classe

262 1426 528 1484 conparata
576 1420 622 1467 in
668 1419 826 1468 insula
862 1419 1074 1484 quadam
1109 1419 1266 1468 tribus
1301 1418 1499 1467 milibus
1534 1435 1564 1467 a
1598 1435 1712 1468 con·

264 1485 434 1546 tinenti
471 1492 698 1550 separata
735 1486 1040 1550 residebant,
1090 1502 1201 1534 cum
1238 1485 1309 1534 eis
1345 1485 1578 1550 congredi
1615 1502 1712 1534 non

265 1551 531 1614 auderent⁷
579 1552 782 1600 vastatis
829 1552 1207 1616 circumquaque
1260 1551 1431 1601 vicinis
1476 1550 1618 1617 pagis
1664 1558 1714 1600 et

263 1617 475 1682 acceptis
511 1618 822 1683 popularium
858 1618 1111 1667 obsidibus
1148 1619 1228 1681 40,
1266 1618 1325 1665 ad
1361 1618 1712 1683 imperatorem

265 1685 312 1732 in
350 1683 616 1733 Saxoniam
654 1684 840 1732 reversi
876 1692 1003 1733 sunt.
1061 1685 1171 1749 lpse
1209 1684 1339 1732 enim
1376 1692 1491 1733 tunc
1524 1692 1712 1749 tempo·

264 1750 331 1798 ris
367 1751 415 1797 in
453 1751 560 1798 loco
596 1750 677 1814 qui
714 1751 889 1798 dicitur
924 1750 1273 1798 Padrabrunno
1306 1750 1592 1813 generalem
1628 1767 1712 1815 po-

265 1816 366 1880 puli
415 1817 488 1864 sui
535 1825 831 1865 conventum
876 1816 1103 1865 habebat.
1184 1816 1255 1864 lbi
1291 1815 1352 1863 ad
1388 1832 1503 1864 eum
1539 1831 1714 1865 omnes

264 1882 574 1930 orientalium
605 1883 895 1932 Sclavorum
915 1884 1155 1947 primores
1187 1891 1237 1931 et
1271 1883 1422 1946 legati
1456 1890 1713 1932 venerunt.

265 1948 364 1997 Sed
394 1957 658 2013 antequam
684 1949 799 1997 illuc
834 1949 1040 2011 veniret,
1077 1949 1125 1996 id
1151 1957 1226 1997 est
1261 1965 1372 1996 cum
1397 1949 1556 1998 adhuc
1580 1949 1715 1998 domi

265 2023 422 2077 esset7
476 2016 694 2062 adlatum
749 2023 826 2063 est
878 2015 950 2077 ei⁷
1004 2015 1243 2079 quosdam
1297 2014 1358 2062 de
1416 2015 1715 2080 primoribus

265 2081 600 2128 Romanorum
645 2081 706 2127 ad
755 2080 1145 2129 interficiendum
1181 2081 1399 2128 Leonem
1447 2097 1627 2146 papam
1664 2080 1714 2129 in

266 2147 373 2211 ipsa
410 2147 530 2194 urbe
551 2147 705 2194 Roma
742 2148 1067 2211 conspirasse,
1104 2163 1160 2194 ac
1194 2147 1388 2211 deinde,
1425 2163 1535 2195 cum
1571 2146 1715 2195 huius

266 2229 445 2267 causae
472 2212 704 2260 indicium
727 2213 786 2260 ad
809 2213 1091 2277 pontificem
1121 2221 1254 2262 esset
1280 2213 1515 2277 delatum,
1541 2229 1715 2262 omnes

267 2280 397 2328 illius
434 2278 661 2327 factionis
697 2287 923 2328 auctores
959 2280 1111 2344 ipsius
1147 2281 1283 2328 iussu
1314 2279 1467 2329 fuisse
1502 2279 1714 2328 trucida-

267 2354 355 2394 tos.
413 2345 555 2404 Quod
592 2362 702 2393 cum
726 2346 936 2393 moleste
973 2347 1140 2410 ferret,
1179 2346 1413 2395 ordinatis
1438 2353 1554 2394 tunc
1578 2345 1714 2394 Scla—
1748 2395 1754 2413 .-

267 2428 442 2459 vorum
492 2419 541 2459 et
588 2412 805 2459 Herioldi
843 2411 1015 2475 rebus,
1063 2412 1269 2476 ipsoque
1315 2411 1363 2459 in
1398 2411 1611 2461 Saxonia
1644 2411 1715 2460 di-

267 2478 445 2539 misso7
509 2494 621 2525 cum
670 2478 732 2525 ad
776 2478 1144 2526 Franconofurd
1198 2478 1435 2543 palatium
1481 2477 1750 2542 venisset„

266 2543 607 2592 Bernhardum
644 2560 814 2608 regem
851 2544 1047 2608 Italiae,
1084 2552 1318 2609 nepotem
1353 2560 1522 2608 suum,
1557 2544 1639 2608 qui
1662 2550 1716 2592 et
1751 2550 1754 2554 '

266 2611 372 2677 ipse
408 2627 518 2659 cum
556 2627 615 2659 eo
652 2613 698 2658 in
736 2611 949 2659 Saxonia
985 2612 1174 2675 fuerat,
1219 2611 1278 2659 ad
1316 2609 1715 2674 cognoscendum
1751 2634 1754 2639 ·

265 2712 300 2795 (1¹)
327 2711 466 2796 Otliero
499 2719 588 2749 teste
623 2714 659 2748 in
695 2713 861 2748 orientali
889 2711 1105 2749 Chersonesi
1142 2712 1345 2750 Cimbricae
1371 2718 1490 2760 parte;
1526 2712 1569 2748 ad
1603 2706 1754 2752 meri-4.

291 2773 358 2797 iem
407 2769 513 2797 uuae.
1733 2770 1742 2775 ·
