1754 3120
254 185 318 232 76
647 198 654 204 ·
673 182 970 232 ElNHARDl
1008 183 1293 233 ANNALES

254 306 379 354 citus
416 306 477 352 de
513 304 652 351 ltalia
688 305 735 352 in
773 304 1072 352 Pannoniam
1107 312 1309 370 propter
1340 304 1594 355 Liudewiti
1630 321 1704 355 re·

255 372 500 420 bellionen
529 369 727 434 missus,
763 370 843 435 qui
881 370 1029 419 rebus
1065 386 1238 436 parum
1275 387 1512 438 prospere
1532 371 1706 437 gestis,

253 440 434 486 infecto
460 453 587 502 pene
621 437 838 501 negotio,
874 453 1133 501 regressus
1169 446 1259 486 est.
1329 438 1387 486 Et
1410 437 1706 488 Liudewitus

253 503 483 570 superbia
531 504 713 566 elatus,
763 504 955 567 legatos
1001 503 1139 569 quasi
1183 520 1356 569 pacem
1392 504 1607 570 petendo
1641 505 1704 553 ad

254 571 604 637 imperatorem
627 570 776 632 misit,
812 570 1117 619 conditiones
1141 571 1379 635 quasdam
1405 568 1703 636 proponens,

253 638 314 685 ad
368 652 575 702 quarum
619 636 988 684 concessionem
1041 652 1101 683 ea
1149 653 1274 700 quae
1317 636 1603 686 iuberentur
1650 652 1704 685 se

257 705 503 752 facturum
548 702 883 768 pollicebatur.
974 702 1108 760 Quas
1157 719 1267 750 cum
1303 703 1571 768 imperator
1605 720 1703 752 non

252 771 521 835 reciperet,
559 769 777 833 aliasque
815 769 858 816 ei
895 784 984 835 per
1019 783 1136 816 suos
1173 769 1365 832 legatos
1388 785 1476 835 pro
1513 777 1705 833 oneret,

253 836 645 901 permanendum
695 834 786 883 sibi
822 835 869 882 in
906 835 1134 883 inchoata
1170 835 1375 900 perfidia
1409 852 1470 884 ve
1494 843 1548 885 ut
1578 835 1704 901 opti·

254 919 391 951 mum
427 902 676 966 iudicans,
722 901 888 950 missis
925 902 1302 967 circumquaque
1339 902 1546 967 legatis,
1590 901 1705 950 vici-

253 986 342 1018 nas
387 969 521 1018 iuxta
567 985 621 1017 se
671 976 846 1032 gentes
883 969 944 1016 ad
982 969 1164 1016 bellum
1200 969 1466 1018 sollicitare
1503 968 1704 1018 curavit.

254 1036 650 1085 Timocianorum
696 1051 890 1100 quoque
926 1036 1190 1111 populum,
1238 1035 1318 1100 qui
1355 1035 1558 1084 dimissa
1592 1034 1705 1083 Bul-

253 1119 488 1167 garorum
538 1103 773 1151 societate
817 1101 876 1150 ad
928 1109 1279 1167 imperatorem
1326 1102 1495 1150 venire
1542 1117 1600 1150 ac
1635 1100 1705 1148 di-

253 1169 378 1218 cioni
416 1170 520 1217 eius
557 1185 611 1218 se
635 1168 922 1235 permittere
951 1168 1210 1232 gestiebat,
1247 1184 1309 1216 ne
1344 1169 1438 1217 hoc
1466 1167 1706 1231 efficeret,

253 1237 320 1284 ita
363 1236 623 1300 intercepit
669 1251 726 1282 ac
770 1235 908 1283 falsis
944 1235 1346 1299 persuasionibus
1392 1235 1587 1297 inlexit,
1635 1240 1706 1296 ut,

254 1301 440 1350 omisso
482 1301 613 1365 quod
649 1302 812 1349 facere
858 1299 1134 1364 cogitabat,
1179 1300 1414 1366 perfidiae
1460 1299 1592 1349 illius
1627 1316 1706 1349 so-

254 1368 358 1417 cius
394 1376 443 1417 et
479 1369 673 1417 adiutor
709 1367 956 1416 existeret.
1015 1368 1239 1415 Exercitu
1276 1383 1393 1416 vero
1430 1366 1492 1416 de
1518 1367 1707 1416 Panno-

253 1436 334 1483 nia
384 1451 612 1499 reverso,
674 1434 917 1498 Cadolah,
982 1433 1078 1482 dux
1135 1434 1512 1497 Foroiuliensis,
1567 1432 1707 1481 febre

253 1510 508 1566 correptus
544 1502 592 1549 in
628 1501 734 1566 ipsa
768 1506 933 1548 r'narca
963 1501 1188 1550 decessit.
1260 1500 1348 1550 Cui
1380 1516 1492 1549 cum
1516 1499 1706 1548 Baldri-

253 1585 339 1616 cus
386 1575 521 1616 esset
568 1567 892 1630 subrogatus,
941 1575 990 1615 et
1033 1568 1079 1614 in
1117 1568 1508 1616 Carantanorum
1542 1565 1705 1630 regio-

253 1651 396 1698 nem,
434 1649 558 1699 quae
595 1634 656 1681 ad
693 1634 844 1698 ipsius
882 1649 1050 1681 curam
1086 1633 1387 1698 pertinebat,
1425 1633 1600 1681 fuisset
1634 1631 1706 1680 in-

252 1718 485 1765 gressus,
546 1700 745 1748 obvium
790 1700 857 1747 ibi
899 1699 1070 1747 habuit
1114 1699 1365 1747 Liudewiti
1419 1699 1705 1758 exercitum,

254 1784 401 1833 quem
452 1768 585 1815 iuxta
621 1764 867 1814 Dravum1
905 1765 1112 1813 fluvium
1159 1766 1252 1813 iter
1288 1772 1519 1828 agentem
1554 1780 1708 1830 parva

253 1851 403 1882 manu
449 1834 744 1897 adgressus,
798 1831 1021 1897 pluribus
1067 1831 1365 1896 interfectis,
1418 1838 1468 1880 et
1508 1830 1704 1895 avertit,

254 1909 304 1950 et
350 1901 411 1948 de
466 1900 550 1948 illa
599 1900 850 1965 provincia
906 1899 1108 1962 fugavit.
1194 1898 1354 1946 Borna
1410 1913 1553 1960 vero,
1608 1897 1705 1945 dux

253 1967 565 2030 Dalmaciae,
610 1983 720 2014 cum
769 1967 962 2028 magnis
999 1965 1151 2029 copiis
1188 1965 1249 2012 ad
1286 1962 1572 2030 Colapium²
1612 1962 1704 2012 ssu-

251 2035 387 2081 vium
411 2032 681 2080 Liudewito
719 2031 781 2078 ad
817 2047 871 2079 se
892 2031 1106 2079 venienti
1144 2047 1423 2094 occurrens,
1461 2031 1508 2078 in
1544 2030 1703 2095 prima

254 2099 606 2163 congressione
631 2115 659 2146 a
690 2097 997 2146 Guduscanis
1034 2098 1301 2160 deseritur,
1337 2096 1517 2144 auxilio
1538 2104 1705 2146 tamen

252 2166 680 2241 praetorianorum
729 2181 932 2212 suorum
977 2171 1256 2229 protectus,
1305 2163 1475 2212 evasit.
1556 2162 1707 2211 Periit

252 2250 301 2280 m
338 2249 395 2280 eo
431 2232 619 2297 proelio
655 2231 1017 2294 Dragamosus,
1053 2247 1195 2279 socer
1230 2228 1502 2293 Liudewiti,
1539 2228 1620 2294 qui
1653 2228 1707 2277 in

253 2299 455 2348 exordio
493 2297 799 2360 defectionis,
834 2298 1005 2346 relicto
1042 2313 1245 2360 genero,
1283 2297 1474 2344 Bornae
1508 2311 1564 2344 se
1591 2311 1707 2343 con·

253 2367 491 2414 iunxerat.
579 2364 862 2413 Guduscani
907 2364 1109 2412 domum
1161 2363 1406 2427 regressi,
1451 2362 1631 2410 iterum
1676 2377 1708 2409 a

250 2432 413 2480 Borna
433 2430 738 2494 subiguntur.
774 2431 836 2478 At
847 2430 1141 2479 Liudewitus
1159 2430 1470 2478 occasionem
1484 2435 1708 2492 nanctus,
1752 2450 1754 2453 ·

253 2515 364 2547 cum
399 2497 563 2546 valida
599 2514 746 2545 manu
777 2497 1067 2544 Decembrio
1104 2512 1277 2545 mense
1301 2494 1598 2545 Dalmatiam
1634 2494 1707 2542 in-

252 2581 483 2629 gressus,
533 2565 666 2611 ferro
715 2570 765 2611 et
810 2563 912 2627 igni
955 2564 1192 2612 devastat.
1274 2563 1362 2612 Cui
1398 2578 1510 2611 cum
1543 2561 1708 2609 Borna
1745 2566 1754 2630 J

254 2649 308 2681 se
342 2631 570 2697 paenitus
607 2632 827 2695 inparem
849 2631 1172 2697 conspiceret,
1209 2630 1372 2678 omnia
1407 2644 1496 2678 sua
1531 2628 1707 2677 castel·
1746 2642 1754 2669 ἐ

259 2714 287 2757 1)
314 2713 452 2755 Drave,
485 2711 596 2748 Drau.
697 2710 731 2757 2)
758 2709 883 2758 Culpa.
1749 2706 1754 2711 “
