1754 3120
241 213 305 263 34
650 211 951 261 ElNHARDl
988 213 1278 262 ANNALES

244 335 402 383 fectus
437 342 539 397 est,
576 349 635 381 ea
659 332 994 396 meditatione,
1029 340 1086 382 ut
1111 333 1268 382 Hunis
1303 334 1543 384 factorum
1579 349 1692 386 suo-
1752 387 1754 390 ,

245 418 355 450 rum
390 401 551 448 vicem
577 399 824 464 redderet,
861 406 912 447 et
947 399 1036 463 eie,
1072 407 1252 464 quanto
1276 400 1486 466 celerius
1505 410 1694 478 posset,

247 468 431 515 bellum
460 467 678 515 inferret.
732 466 1043 532 Comparatis
1062 466 1213 531 igitur
1248 467 1309 514 ad
1344 467 1439 516 hoc
1472 480 1693 519 exomni

247 549 400 597 regno
438 549 527 581 suo
564 549 711 598 quam
746 532 1063 581 validissimis
1099 534 1278 598 copiis.,
1326 541 1375 583 et
1409 536 1695 586 commeati-

247 601 338 648 bus
357 600 688 664 congregatis,
726 599 954 665 bipertito
983 601 1197 649 exercitu
1222 600 1318 648 iter
1345 615 1496 665 agere
1518 601 1696 668 coepit.

246 666 395 716 Cuius
431 674 625 732 partem
660 666 964 714 Theoderico
1000 666 1167 715 comiti
1203 674 1252 714 et
1288 666 1583 731 Meginfrido
1619 683 1697 716 ca-

245 734 457 781 merario
493 749 583 781 suo
621 731 966 795 committens⁷
1002 747 1089 780 eos
1126 747 1214 797 per
1249 731 1582 797 aquilonalem
1602 734 1697 783 Da-

247 799 379 847 nubii
417 799 576 864 ripam
612 799 706 847 iter
741 813 891 862 agere
926 798 1081 847 iussit.
1135 799 1246 863 lpse
1282 814 1394 847 cum
1428 799 1526 849 alia
1559 808 1698 867 parte

245 881 393 930 quam
430 881 600 914 secum
636 866 875 928 retenuit,
917 865 1186 914 australem
1222 865 1446 915 eiusdem
1479 859 1698 916 fluminis

246 933 406 997 ripam
458 932 763 980 Pannoniam
813 930 1057 997 petiturus
1115 932 1396 998 occupavit,
1461 932 1699 983 Baioariis

247 1014 359 1047 cum
405 998 764 1048 commeatibus
800 999 1068 1062 exercitus,
1114 998 1196 1064 qui
1243 998 1451 1047 navibus
1484 1000 1697 1049 devehe-

247 1065 451 1130 bantur,
507 1082 595 1130 per
636 1064 917 1114 Danubium
964 1066 1179 1114 secunda
1222 1081 1348 1130 aqua
1396 1065 1699 1116 descendere

245 1131 404 1180 iussis.
462 1133 532 1180 Ac
566 1131 638 1180 sic
672 1132 899 1181 inchoato
935 1132 1124 1194 itinere,
1196 1132 1323 1180 rima
1356 1139 1515 1182 castra
1551 1149 1700 1200 super

244 1196 494 1247 Anesum1
529 1199 691 1264 posita
727 1206 854 1248 sunt.
914 1199 1039 1247 Nam
1073 1199 1115 1247 is
1189 1199 1330 1247 uvius
1365 1198 1492 1248 inter
1526 1198 1699 1249 Baioa-

246 1265 435 1312 riorum
478 1273 624 1330 atque
668 1267 923 1313 Hunorum
971 1265 1211 1314 terminos
1249 1265 1441 1314 medius
1476 1282 1699 1327 curre-ns,

246 1339 411 1380 certus
467 1332 677 1379 duorum
730 1348 999 1395 regnorum
1057 1331 1201 1380 limes
1254 1331 1542 1381 habebatur.
1627 1332 1699 1380 lbi

247 1397 539 1463 subplicatio
571 1414 661 1463 per
685 1398 902 1446 triduum
939 1399 1083 1461 facta,
1120 1406 1174 1446 ut
1201 1397 1250 1445 id
1285 1397 1471 1446 bellum
1494 1413 1699 1469 prospe·

247 1479 329 1511 ros
366 1480 422 1512 ac
458 1465 627 1513 felices
651 1464 856 1512 haberet
892 1471 1113 1512 eventus.
1166 1465 1292 1512 Tum
1316 1464 1518 1513 demum
1538 1472 1702 1518 eastra

247 1538 398 1594 mota,
436 1538 486 1578 et
506 1530 691 1578 bellum
728 1531 864 1593 genti
887 1531 1143 1578 Hunorum
1181 1547 1208 1577 a
1231 1530 1430 1580 Francis
1464 1528 1701 1580 indictum

247 1604 338 1645 est.
420 1597 577 1645 Pulsis
625 1596 773 1660 igitur
807 1597 1063 1644 Hunorum
1098 1595 1384 1661 praesidiis,
1428 1612 1488 1647 ac
1521 1597 1701 1646 distru-

248 1664 336 1711 ctis
392 1663 769 1726 munitionibus,
824 1679 1032 1728 quarum
1088 1678 1185 1710 una
1232 1677 1383 1727 super
1425 1662 1702 1712 Cambum²

250 1729 472 1794 fluvium,
494 1731 647 1778 altera
670 1730 802 1778 iuxta
822 1727 1166 1793 Comagenos³
1189 1728 1440 1777 civitatem
1458 1729 1508 1778 in
1530 1737 1701 1778 monte

253 1842 284 1888 1)
311 1844 368 1878 die
392 1843 474 1878 Em.
582 1843 617 1888 2)
644 1844 708 1879 der
732 1843 862 1888 Kamp,
889 1843 925 1877 in
951 1840 1149 1876 Bohemiae
1175 1841 1357 1877 montibus
1381 1846 1502 1883 ortua,
1535 1838 1704 1888 Claram-

249 1890 377 1926 vanem
404 1889 535 1937 (Zwetl)
562 1891 804 1938 praeterfluit,
831 1896 866 1926 et
892 1890 1000 1937 paulo
1028 1889 1119 1924 infra
1146 1888 1349 1925 Kremisam
1369 1887 1542 1925 Danubio
1566 1889 1704 1925 misce-

249 1945 318 1975 tur.
391 1939 426 1985 3)
454 1939 579 1974 civitas
605 1940 749 1987 antiqua
777 1946 814 1974 et
838 1939 875 1973 in
899 1939 971 1974 vita
997 1936 1034 1972 S.
1061 1935 1227 1972 Severini
1252 1937 1470 1985 aliquotiens
1492 1941 1703 1978 memorata,

250 1999 342 2035 quae
370 1988 438 2022 iam
466 1994 538 2022 tota
565 1988 711 2022 interiit.
760 1986 815 2022 De
840 1987 910 2021 situ
929 1986 1008 2021 eius
1034 1991 1070 2021 ct
1096 1985 1226 2020 montis
1243 1982 1472 2031 cumeoberg
1487 1984 1702 2032 disputatur,

250 2047 332 2070 nam
359 2037 421 2082 qui
448 2034 556 2070 hodie
581 2034 791 2080 Kaumberg
817 2034 917 2069 audit
943 2034 1062 2075 vicus,
1089 2039 1190 2068 recto
1216 2033 1348 2069 itinere
1372 2033 1533 2080 quinque
1557 2031 1603 2067 ad
1628 2031 1703 2067 mi—
1745 2050 1754 2055 -

250 2084 385 2118 nimum
426 2082 577 2118 miliaria
604 2081 820 2118 Germanica
848 2094 866 2117 a
893 2080 1063 2117 Danubio
1089 2086 1270 2123 remotus,
1304 2082 1342 2117 in
1367 2080 1496 2117 mediis
1520 2080 1702 2117 montibus

250 2131 424 2169 consistit.
474 2129 547 2167 Aut
573 2131 682 2177 igitur
706 2131 799 2165 viam
827 2131 1015 2166 militarem
1044 2141 1087 2166 eo
1114 2141 1202 2165 aevo
1229 2135 1369 2165 montes
1385 2129 1582 2172 transiit-a,
1632 2139 1704 2165 ua·-

250 2180 295 2214 lis
331 2179 439 2214 hodie
479 2186 515 2214 et
549 2180 605 2214 via
631 2180 701 2214 lata
737 2191 757 2214 a
784 2177 921 2226 Campo
956 2178 1132 2213 Liliorum
1159 2176 1379 2225 (Litienreld)
1404 2188 1471 2224 per
1493 2175 1613 2215 Knum
1639 2187 1660 2213 ο

252 2226 419 2262 Sanctam
455 2225 607 2262 Crucem
643 2228 761 2269 ducit,
799 2233 860 2262 aut
892 2226 1106 2262 vocabulum
1141 2224 1374 2274 Kumeoberg
1407 2224 1494 2261 olim
1525 2225 1633 2261 latina
1658 2236 1678 2261 ι

252 2276 397 2311 ultimos
432 2276 468 2310 in
495 2274 651 2311 Danubii
679 2277 756 2323 ripa
782 2281 921 2310 montes
947 2287 1061 2322 usque
1094 2273 1312 2321 pertinuisse
1337 2273 1611 2310 existimandum
1636 2278 1702 2309 ent.

253 2323 361 2367 Quod
388 2323 534 2371 quidem
561 2330 596 2360 et
621 2324 703 2360 loco
728 2329 873 2366 nostro,
898 2330 933 2358 et
959 2324 1106 2370 antiquo
1132 2322 1210 2357 viae
1235 2322 1402 2358 militaris
1425 2321 1549 2359 ductui
1571 2319 1704 2357 Danu-

253 2373 350 2408 bium
399 2374 630 2420 prosequenti
673 2373 785 2418 magis
827 2383 1046 2417 congruum,
1106 2370 1300 2415 diplomate
1349 2368 1559 2407 Hludowici
1603 2367 1704 2407 Ger-
1751 2391 1754 2415 ;

253 2419 1105 2505 fflzssfflnssssffsszsssmissfflss1⁶32¹1¹³⁸335352¹5¹¹
1131 2418 1364 2501 {fflfifssffl
1388 2429 1573 2503 ’0ῗᾶἑῖ
1605 2417 1703 2502 ’3,ἳέ
1744 2422 1754 2487 3

254 2516 417 2552 continui
443 2516 527 2551 inde
553 2528 571 2551 a
598 2514 739 2563 Styriae
764 2480 965 2551 confinibug
990 2516 1035 2551 ad
1059 2494 1266 2550 D'anubium
1292 2492 1409 2562 usque
1427 2514 1703 2562 protenduntur,
1742 2490 1754 2533 ς

253 2566 298 2600 ad
323 2576 430 2613 quem
458 2571 555 2600 arcta
583 2570 717 2600 tantum
743 2565 819 2607 via,
858 2564 1005 2600 castello
1031 2563 1276 2599 Greisenstein
1302 2564 1458 2610 desuper
1480 2563 1702 2605 imminente,
1736 2548 1754 2622 ξ

253 2613 492 2661 relinquitur,
530 2625 599 2659 qua
627 2613 888 2649 munitionibus
923 2613 979 2648 vel
1006 2614 1043 2648 in
1069 2618 1228 2648 extremo
1254 2617 1375 2647 monte
1397 2611 1456 2648 vel
1479 2615 1594 2659 prope
1618 2610 1706 2646 Ke-

253 2662 472 2708 nigsstadten
499 2681 542 2687 -—
577 2674 684 2709 quam
709 2674 775 2710 pro
802 2661 1054 2709 Commagenis
1080 2661 1196 2696 habeo
1224 2679 1267 2686 —-
1294 2659 1463 2703 defensa,
1486 2660 1558 2696 iter
1580 2665 1700 2695 trana-
1737 2630 1754 2682 ὅ

253 2710 420 2746 euntibus
447 2710 706 2746 intercluditur.
766 2710 924 2746 Annales
961 2721 1105 2758 quoque
1131 2708 1327 2745 Fuldenses
1360 2718 1455 2745 anno
1478 2709 1552 2747 884
1576 2707 1704 2744 Karoli
1731 2684 1754 2826 ἰ

1734 2908 1751 2951 ‚³1

1715 2975 1751 3120 1³
