1754 3120
653 165 706 212 A.
745 164 842 214 756
852 163 1022 212 -760.
1537 169 1566 216 7

109 349 316 414 milit,
350 351 610 416 coegitque
647 351 1106 417 utae-promitterent,
1151 367 1207 401 se
1242 369 1442 402 omnem
1478 371 1563 401 vo·

101 417 353 470 luentem
385 417 519 468 illius
552 431 665 465 esse
700 419 935 482 facturos,
972 426 1023 468 et
1057 419 1199 467 annis
1233 419 1440 484 singulis
1476 421 1564 469 ho-

106 484 259 553 ιιοιζίεῡΓ
286 499 438 534 mma
482 481 546 530 ad
589 485 876 546 generalem
923 492 1222 533 conventum
1265 502 1419 553 equos
1464 488 1565 538 300

229 559 437 606 munere
472 549 690 598 daturos.
759 550 847 598 His
882 550 950 598 ita
986 551 1300 616 compositis,
1337 561 1388 602 et
1423 569 1563 602 more

79 650 101 671 ⁷.
240 615 380 678 nim,
428 623 482 665 ut
526 622 636 664 rata
670 632 781 664 esse
818 616 1084 681 deberent,
1133 617 1463 683 confirmatis,
1514 621 1563 668 in

55 681 320 748 (611111111
353 697 467 732 sese
501 698 614 730 cum
650 683 866 732 exercitu
901 699 991 732 suo
1027 683 1228 757 recepit.

115 749 318 802 „afwa
372 749 528 798 Natus
568 757 647 798 est
680 749 885 814 Pippino
931 749 1039 813 regi
1086 749 1241 814 filius,
1289 766 1436 815 quem
1471 767 1560 800 suo

104 814 309 869 afflue
345 814 605 882 Pippinum
654 816 818 864 vocari
859 815 1028 865 voluit.
1110 817 1211 865 Sed
1250 834 1371 882 puer
1405 819 1562 867 inma-

105 886 406 937 tu‘nmmorte
423 890 741 946 praeventus,
775 883 922 931 tertio
948 890 1062 947 post
1086 883 1393 933 nativitatem
1418 901 1563 933 suam

99 959 241 1004 nm
278 948 508 999 decessit.
588 948 693 997 Hoc
738 965 866 997 anno
915 949 1186 997 celebravit
1221 967 1305 998 rex
1342 952 1560 1000 natalem

101 1014 302 1072 nmini
335 1015 386 1064 in
422 1013 704 1079 Lonclare1,
751 1024 801 1065 et
837 1017 1020 1081 pascha
1053 1016 1103 1064 in
1139 1015 1354 1081 lopi1a23
1401 1034 1560 1083 neque

102 1088 244 1134 mm
278 1081 443 1146 regni.
465 1082 542 1130 sui
578 1083 815 1132 terminos
852 1082 1048 1147 aliquod
1084 1083 1177 1132 iter
1213 1083 1343 1132 fecit.

111 1182 182 1207 fe„
203 1145 318 1200 ²6⁰.
367 1148 635 1197 waifarius
671 1149 766 1197 dux
803 1149 1120 1214 Aquitaniae⁷
1170 1167 1282 1198 cum
1318 1166 1399 1199 res
1435 1166 1560 1215 quae

102 1212 567 1280 kiesut-spotestate
611 1224 776 1279 erant,
828 1224 878 1265 et
911 1217 974 1264 ad
1011 1216 1245 1266 ecclesias
1282 1217 1373 1265 sub
1410 1234 1559 1265 manu

96 1279 449 1347 *tbpioiregis
472 1283 764 1332 constitutas
782 1282 1109 1346 pertinebant,
1134 1283 1407 1331 rectoribus
1428 1283 1559 1348 ipso-

102 1348 589 1413 rum'nbnerabilium
612 1349 836 1398 locorum
857 1349 1065 1397 reddere
1087 1349 1344 1413 noluisset,
1374 1349 1560 1414 ipsum-

102 1427 198 1478 que
220 1429 395 1476 regem
417 1430 508 1479 pro
542 1413 620 1462 his
647 1431 702 1463 se
739 1431 827 1479 per
856 1416 1052 1478 legatos
1088 1431 1206 1463 suos
1241 1431 1559 1464 commonen-

100 1487 217 1531 tem,
237 1480 410 1529 audire
445 1487 813 1543 contemneret,
850 1481 1159 1529 contumacia
1193 1497 1281 1529 sua
1318 1482 1379 1529 ad
1407 1482 1559 1531 susci-

100 1545 337 1612 piendum
387 1553 556 1595 contra
605 1563 659 1594 se
708 1546 893 1594 bellum
939 1547 1215 1595 concitavit.
1304 1549 1559 1597 Namrex

100 1611 367 1664 enarrantis
429 1613 645 1678 undique
709 1613 862 1678 copiis
918 1614 1230 1678 Aquitaniam
1284 1614 1558 1678 ingressus,

101 1678 250 1731 bolla
268 1695 326 1729 se
358 1695 439 1729 res
468 1687 520 1728 et
539 1680 751 1730 iustitias
777 1680 1098 1730 ecclesiarum
1122 1689 1408 1730 exacturum
1444 1699 1557 1746 pro-

101 1745 358 1798 nuntiavit.
437 1747 658 1810 Cumque
694 1747 742 1794 in
778 1747 913 1808 loco,
950 1747 1033 1811 qui
1066 1746 1303 1796 Tedoad³
1338 1757 1556 1811 vocatur,

102 1810 280 1877 positis
314 1812 486 1861 castris
522 1812 852 1875 consedisset,
898 1813 1164 1861 Waifarius
1200 1813 1331 1862 bello
1368 1823 1558 1863 certare

100 1876 414 1940 minusue,
448 1878 604 1926 missa
639 1879 700 1926 ad
737 1895 909 1941 regem
946 1879 1220 1942 legatione,
1257 1879 1468 1943 spondet
1503 1895 1558 1928 se

101 1944 345 2009 imperata
370 1945 628 2008 facturum,
656 1945 978 1993 ecclesiarum
1004 1945 1210 1993 iustitias
1232 1946 1557 2009 redditurum,

101 2009 318 2064 obsides.
360 2011 444 2075 qui
495 2011 858 2076 imperarentur
914 2011 1167 2060 daturum:
1221 2012 1357 2060 dedit
1407 2012 1556 2061 etiam

101 2077 229 2131 duos
264 2076 326 2125 de
347 2077 646 2142 primoribus
669 2079 848 2142 gentis⁷
877 2078 1197 2141 Adalgarium
1234 2086 1285 2127 et
1305 2079 1557 2128 Itherium.

102 2133 166 2195 Fut
192 2139 294 2203 boc
328 2143 484 2205 facto,
531 2152 835 2192 commotum
873 2153 1043 2193 contra
1079 2161 1134 2193 se
1169 2145 1302 2207 regis
1337 2146 1557 2194 animum

103 2209 231 2260 adeo
272 2209 544 2273 mitigavit,
595 2218 649 2259 ut
692 2210 859 2258 statim
905 2210 1035 2258 bello
1071 2210 1348 2259 desisteret.
1430 2213 1557 2259 Nam

102 2275 316 2341 &coeptis
366 2275 648 2341 obsidibus,
702 2277 781 2340 qui
834 2275 895 2323 ad
944 2275 1092 2324 fidem
1149 2276 1558 2340 promissionibus

102 2341 382 2393 faciendam
402 2342 503 2391 dati
524 2350 656 2407 sunt,
692 2359 778 2391 rex
805 2341 936 2390 bello
966 2342 1219 2405 abstinuit,
1254 2343 1557 2408 domumque

102 2423 362 2474 reversus,
405 2409 610 2459 dimisso
646 2409 890 2471 exercitu,
936 2409 982 2458 in
1019 2410 1136 2458 villa
1172 2409 1419 2458 Carisiaco
1454 2410 1557 2458 hie·

102 2475 275 2540 mavit,
301 2476 353 2525 in
371 2492 467 2541 qua
492 2485 545 2526 et
558 2477 776 2526 natalem
795 2476 991 2524 Domini
1011 2484 1061 2525 et
1080 2476 1258 2541 pascha
1277 2476 1555 2525 celebravit.

0 299 37 492 ι
110 284 299 351 panim
340 284 567 349 proeliiS,
616 285 881 350 plurimam
926 301 987 334 ex
1031 285 1151 350 ipsis
1197 286 1562 334 multitudinem

77 2575 275 2636 {nuum
306 2590 343 2626 in
370 2587 580 2626 Arduenna.
688 2590 724 2635 2)
753 2589 846 2636 lupil
871 2596 995 2627 contra
1024 2588 1196 2626 Leodium
1234 2595 1270 2624 et
1293 2588 1558 2631 Harisunium,

160 2637 295 2677 dut-n
327 2637 455 2675 mosao
491 2639 581 2685 ripn.
703 2638 737 2682 3)
765 2637 892 2680 Bone,
928 2639 1028 2674 vicus
1060 2640 1175 2677 15000
1209 2649 1376 2684 passuum
1402 2649 1422 2672 a
1450 2637 1558 2673 fluvio

197 2685 228 2724 ti
255 2692 436 2729 remotus,
472 2687 509 2723 iu
535 2686 668 2722 finibus
693 2685 888 2727 Pictonum
912 2693 947 2723 et
974 2684 1133 2723 Andium
1158 2698 1272 2733 prope
1297 2684 1438 2720 Semur.
