1754 3120
232 201 299 248 60
648 197 949 246 ElNHARDI
985 198 1274 247 ANNALES

234 320 407 371 classis
443 319 503 366 ad
536 318 734 383 propria
764 319 1052 382 regreditur.
1121 318 1423 384 Hruodtrud,
1461 319 1561 369 filia
1594 319 1685 368 im-

232 386 476 453 peratoris
512 400 638 449 quae
674 391 788 432 natu
825 386 984 433 maior
1017 391 1149 449 erat,
1186 385 1230 434 8.
1266 385 1381 434 Idus
1413 385 1516 435 Iun.
1551 385 1687 434 diem

234 454 365 502 obiit.
443 451 720 516 Imperator
762 467 879 499 vero
915 451 1208 516 Aquisgrani
1254 451 1414 500 adhuc
1446 467 1602 515 agene
1636 458 1688 500 et

234 526 403 568 contra
440 517 765 566 Godofridum
811 534 983 581 regem
1027 518 1389 583 expeditionem
1426 517 1687 581 meditans,

233 583 460 634 nuntium
504 583 718 648 accepit,
773 584 986 632 classem
1033 584 1355 633 ducentarum
1390 584 1590 632 navium
1625 582 1687 631 de

278 650 570 700 ord'mannia
615 649 822 697 Frisiam
868 650 1144 713 appulisse,
1200 657 1426 714 totasque
1471 648 1687 699 Frisiaco

255 717 363 766 itori
428 716 710 764 adiacentes
775 715 961 762 insulas
1013 730 1124 763 esse
1183 723 1429 779 vastatas,
1490 716 1688 780 iamque

234 782 504 832 exercitum
540 782 678 828 illum
715 780 764 828 in
800 780 1064 829 continenti
1100 797 1236 844 esse,
1273 789 1518 847 ternaque
1546 797 1688 848 proe-

232 850 298 897 lia
335 865 447 896 cum
481 846 782 895 Frisionibus
817 847 1142 910 commisisse,
1176 848 1443 913 Danosque
1479 848 1689 897 victores

257 915 471 963 ributum
515 914 655 962 victis
704 913 1010 979 inposuisse,
1070 921 1118 962 et
1175 914 1432 978 vectigalis
1490 914 1690 963 nomine

234 990 434 1031 centum
468 980 618 1028 libras
653 981 846 1044 argenti
883 997 912 1028 a
938 981 974 1028 F
977 979 1239 1029 risionibus
1274 982 1374 1029 iam
1409 996 1520 1030 esse
1556 981 1689 1030 solu-

256 1065 327 1111 as,
364 1063 536 1111 regem
572 1062 689 1094 vero
711 1047 1036 1096 Godofridum
1071 1047 1204 1095 domi
1239 1063 1365 1096 esse.
1419 1047 1480 1095 Et
1515 1062 1691 1095 revera

235 1115 302 1165 ita
338 1122 457 1162 erat.
513 1114 606 1173 Qui
643 1114 841 1162 nuntius
877 1113 1000 1161 adeo
1023 1113 1375 1178 imperatorem
1409 1112 1690 1175 concitavit,

238 1189 290 1230 ut
325 1180 490 1229 missis
527 1181 574 1228 in
601 1197 775 1228 omnes
813 1181 1190 1244 circumquaque
1218 1180 1448 1243 regiones
1483 1178 1546 1227 ad
1576 1195 1690 1227 con·

235 1247 547 1311 gregandum
582 1247 848 1294 exercitum
884 1247 1092 1309 nuntiis,
1139 1247 1246 1320 ipse
1290 1245 1396 1294 sine
1430 1260 1570 1293 mora
1606 1261 1689 1310 pa-

236 1313 353 1361 latio
387 1313 571 1375 exiens,
612 1313 771 1377 primo
809 1312 1005 1376 quidem
1030 1314 1175 1360 claSS1
1203 1327 1478 1375 occurrere,
1512 1311 1690 1360 deinde

236 1378 527 1428 transmisso
564 1379 735 1427 Rheno
783 1378 1010 1440 flumine,
1055 1379 1103 1426 in
1149 1380 1256 1427 loco
1301 1378 1383 1443 qui
1418 1378 1691 1444 Lippeham

236 1455 441 1494 vocatur
486 1445 651 1510 copias
702 1462 826 1510 quae
883 1445 1100 1493 nondum
1146 1452 1479 1494 convenerant
1523 1443 1695 1494 statuit

237 1512 444 1578 operiri,
493 1512 575 1559 ubi
622 1512 740 1559 dum
786 1512 972 1575 aliquot
1008 1512 1113 1559 dies
1150 1520 1455 1576 moraretur,
1500 1511 1692 1560 elefans

237 1580 351 1641 ille,
410 1594 558 1643 quem
605 1578 650 1625 ei
694 1579 858 1625 Aaron
905 1593 989 1625 rex
1039 1578 1428 1625 Sarracenorum
1469 1577 1690 1639 miserat,

238 1645 398 1695 subita
451 1653 611 1693 morte
657 1645 813 1709 periit.
901 1644 1222 1707 Congregatis
1273 1643 1474 1692 tandem
1519 1642 1691 1708 copiis,

237 1719 417 1777 quanta
452 1711 610 1776 potuit
645 1711 894 1759 celeritate
931 1710 991 1758 ad
1026 1711 1224 1758 Alaram
1261 1710 1466 1757 fluvium
1492 1716 1692 1758 conten-

239 1779 336 1842 dit,
372 1778 643 1842 castrisque
681 1777 813 1824 iuxta
850 1775 1183 1824 confluentem
1219 1776 1350 1840 eius,
1397 1791 1493 1840 quo
1530 1774 1692 1824 Wisu-

239 1861 322 1893 rae
370 1843 560 1892 flumini
606 1842 947 1907 coniungitur,
1001 1842 1203 1908 positis,
1248 1844 1493 1891 minarum
1529 1840 1692 1891 Godo·

238 1911 352 1960 fridi
398 1911 531 1974 regis
579 1911 909 1975 praestolatur
955 1917 1204 1956 eventum.
1290 1910 1414 1957 Nam
1460 1923 1547 1962 rex
1591 1907 1692 1971 ille,

239 1977 506 2026 vanissima
553 1993 642 2041 spe
676 1976 907 2024 victoriae
943 1974 1166 2038 inflatus,
1215 1975 1318 2023 acie
1364 1991 1418 2023 se
1454 1990 1567 2022 cum
1602 1973 1692 2022 im·
1753 1997 1754 2000 ¹

239 2051 469 2110 peratore
505 2042 740 2105 congredi
777 2042 904 2089 velle
940 2041 1164 2089 iactabat.
1250 2040 1347 2090 Sed
1384 2041 1503 2088 dum
1537 2040 1692 2105 impe-

240 2118 375 2158 rator
419 2110 469 2156 in
515 2116 790 2156 memorato
838 2109 946 2157 loco
985 2108 1163 2156 stativa
1199 2107 1434 2171 haberet,
1477 2107 1692 2156 diversa-
1752 2131 1754 2133 ·

240 2192 351 2225 rum
401 2192 568 2223 rerum
616 2175 772 2224 nuntii
821 2174 882 2222 ad
932 2191 1046 2222 eum
1092 2175 1396 2222 deferuntur.
1473 2173 1600 2222 Nam
1643 2179 1696 2221 et

240 2244 450 2291 classem
494 2258 619 2305 quae
653 2241 859 2290 Frisiam
894 2241 1120 2290 vastabat
1155 2241 1359 2290 domum
1394 2255 1694 2304 regressam,
1751 2252 1754 2282 ἑ

241 2318 290 2359 et
335 2308 660 2358 Godol'ridum
704 2324 876 2371 regem
921 2325 949 2355 a
997 2307 1210 2372 quodam
1245 2323 1334 2356 suo
1371 2306 1586 2355 satellite
1620 2305 1693 2354 in·
1751 2307 1754 2317 ¹

242 2377 531 2436 terfectum,
581 2375 839 2422 castellum
893 2374 1133 2422 vocabulo
1181 2370 1475 2422 Hohbuoki¹
1521 2370 1694 2421 Albiae
1748 2374 1754 2378 ’

241 2442 430 2491 flumini
466 2441 764 2505 adpositum,
802 2441 849 2488 in
886 2458 982 2505 quo
1007 2441 1114 2489 Odo
1152 2441 1346 2504 legatus
1383 2438 1695 2505 imperatoris

246 2531 277 2578 1)
303 2532 348 2567 de
383 2543 427 2566 eo
454 2530 604 2565 multum
630 2531 847 2576 disputatum
881 2530 942 2565 alii
968 2529 1155 2576 Hamburg
1181 2542 1259 2566 esse
1284 2531 1433 2577 putant,
1466 2528 1597 2577 quibus
1622 2527 1697 2563 ob·-

241 2587 335 2616 stare
361 2579 518 2620 videtur,
554 2578 650 2626 quod
682 2577 870 2625 Hamburg
901 2590 919 2613 a
947 2577 1074 2613 Wilzis
1105 2580 1212 2625 paulo
1248 2579 1391 2626 longius
1416 2577 1594 2618 distabatz
1632 2577 1696 2612 alii

242 2627 508 2673 Boitzenburg,
534 2627 710 2662 vocabulo
739 2633 856 2662 tamen
883 2627 968 2662 satis
994 2627 1163 2668 adversm
1198 2626 1350 2662 Buchen
1401 2625 1496 2661 otius
1522 2624 1632 2660 fuerit
1657 2625 1695 2660 in

243 2677 376 2712 ducatu
406 2674 722 2721 Lauenburgensi,
762 2687 834 2710 non
872 2675 984 2722 magis
1019 2687 1126 2724 quam
1154 2676 1191 2711 in
1218 2676 1328 2712 altera
1354 2685 1432 2721 ripa
1457 2672 1695 2710 Holdumteti
1731 2711 1742 2716 „

245 2731 279 2760 et
302 2723 432 2760 Hliuni
467 2723 510 2760 ab
535 2722 642 2760 Albia
677 2723 823 2759 distans.
