1754 3120
247 199 312 248 62
659 198 958 247 ElNHARDI
994 199 1293 250 ANNALES.

246 321 481 382 tinorum,
526 334 735 382 quorum
779 320 906 368 alter
950 327 1064 369 ante
1109 336 1265 369 annos
1300 321 1472 372 decem
1507 323 1695 373 Romae

247 387 308 436 ad
343 388 711 450 imperatorem,
747 401 859 434 cum
894 386 961 435 ibi
997 394 1146 450 esset,
1183 387 1243 435 de
1266 386 1430 436 Sicilia
1458 390 1696 454 profugit,

247 462 296 502 et
331 453 490 500 redire
525 453 723 515 volens,
759 453 971 518 patriam
1006 453 1297 515 remittitur3
1337 455 1464 504 alter
1498 464 1700 523 propter

246 518 505 584 perfidiam
551 519 739 567 honore
790 519 1052 584 spoliatus,
1106 520 1587 586 Constantinopolim
1616 522 1698 571 ⁸ad

246 586 501 634 dominum
524 600 668 633 suum
704 585 814 633 duci
851 585 1057 635 iubetur.
1109 587 1347 635 Condicta
1381 587 1510 637 inter
1544 587 1698 654 impe·

245 661 464 702 ratorem
500 659 549 699 et
576 652 925 713 Hemmingum
957 652 1211 699 Danorum
1245 668 1418 715 regem
1459 670 1553 719 pax
1585 671 1698 720 pro-

246 727 356 785 pter
378 718 555 766 hiemis
592 717 924 781 asperitatem,
960 733 1084 780 quae
1120 717 1248 765 inter
1282 726 1448 783 partes
1482 735 1698 771 comme·

245 786 358 834 andi
394 785 526 832 viam
572 783 855 845 claudebat,
909 784 958 831 in
995 783 1146 832 armis
1180 791 1369 833 tantum
1403 784 1560 836 iurata
1595 800 1698 836 ser·

243 859 415 914 vatur,
463 850 621 898 donec
655 850 892 898 redeunte
938 851 1070 899 veris
1106 851 1371 915 temperie,
1415 859 1467 901 et
1511 854 1698 919 apertis

244 918 336 966 viis
372 932 497 982 quae
533 916 821 965 inmanitate
856 917 1056 980 frigoris
1092 918 1290 966 clausae
1325 919 1547 982 fuerunt,
1583 935 1696 968 con-

244 982 584 1049 gredientibus
644 1000 704 1032 ex
755 991 960 1047 utraque
1019 991 1159 1049 parte
1212 984 1463 1049 utriusque
1515 986 1697 1049 gentis,

242 1052 541 1099 Francorum
577 1049 763 1098 scilicet
809 1057 862 1098 et
894 1051 1168 1114 Danorum,
1218 1050 1480 1099 duodecim
1513 1052 1696 1116 primo-

243 1117 379 1166 ribus
413 1133 563 1182 super
597 1116 803 1165 fluvium
837 1116 1160 1180 Aegidoram,
1207 1117 1256 1164 in
1292 1118 1400 1166 loco
1436 1118 1517 1182 qui
1552 1134 1696 1168 voca-

247 1192 433 1248 tur...,
483 1183 612 1231 datis
656 1182 875 1232 vicissim
924 1191 974 1231 et
1008 1183 1279 1232 secundum
1314 1183 1465 1234 ritum
1500 1201 1558 1232 ac
1591 1201 1696 1234 mo-

242 1267 351 1298 rem
385 1265 531 1298 suum
566 1250 903 1311 sacramentis,
938 1266 1033 1315 pax
1062 1249 1396 1299 confirmatur.
1448 1251 1696 1300 Primores

243 1325 410 1365 autem
447 1316 508 1364 de
545 1324 684 1381 parte
720 1316 1021 1364 Francorum
1058 1316 1124 1364 hii
1162 1317 1327 1364 fuere:
1376 1316 1582 1366 Walach
1617 1333 1696 1366 co-

242 1399 351 1432 mes
405 1382 536 1431 filius
581 1382 880 1445 Bernhardi,
929 1382 1241 1431 Burchardus
1287 1398 1486 1447 comes,
1539 1383 1696 1432 Unro-

243 1452 363 1498 chus
411 1465 607 1510 comes,
661 1449 800 1498 Uodo
855 1465 1050 1511 comes,
1107 1449 1479 1512 [Meginhardus
1527 1465 1696 1499 comes

241 1516 292 1564 A.
316 1515 408 1578 L.],
444 1515 760 1563 Bernhardus
796 1531 991 1578 comes,
1028 1516 1274 1578 Egbertus
1310 1532 1501 1580 comes,
1537 1516 1695 1565 Theo·

242 1582 367 1631 theri
404 1597 598 1645 comes,
642 1581 749 1629 Abo
786 1597 979 1643 comes,
1017 1581 1206 1644 Ostdag
1241 1597 1427 1644 comes,
1463 1582 1695 1645 Wigman

242 1665 436 1710 comes,
489 1648 550 1695 de
598 1656 737 1713 parte
782 1664 900 1696 vero
947 1647 1197 1695 Danorum
1245 1647 1469 1712 inprimis
1514 1649 1694 1698 fratres

242 1714 552 1779 Hemmingi,
602 1714 833 1762 Hancwin
868 1721 919 1761 et
956 1714 1254 1776 AngandeO,
1301 1714 1477 1761 deinde
1512 1715 1694 1764 caeteri

240 1781 556 1830 honorabiles
610 1781 738 1828 inter
795 1796 912 1828 suos
963 1780 1081 1843 viri,
1135 1779 1315 1828 Osfred
1364 1787 1694 1844 cognomento

241 1848 556 1910 Turdimulo,
608 1855 658 1895 et
702 1845 981 1909 Warstein,
1033 1853 1084 1894 et
1129 1846 1324 1909 Suomi,
1369 1853 1421 1895 et
1455 1847 1599 1911 Urm,
1644 1854 1696 1896 et

240 1916 365 1963 alius
391 1913 559 1962 Osfrid
588 1913 717 1961 filius
742 1913 986 1976 Heiligen,
1023 1921 1073 1960 et
1095 1912 1275 1960 Osfred
1311 1912 1373 1960 de
1408 1913 1694 1979 Sconaowe,

242 1989 292 2029 et
333 1979 519 2044 Hebbi,
567 1987 618 2028 et
663 1979 846 2027 Aowin.
915 1979 1191 2042 Imperator
1224 1993 1372 2041 vero,
1423 1995 1547 2043 pace
1580 1995 1694 2029 cum

239 2047 538 2109 Hemmingo
574 2045 799 2108 firmata,
847 2052 897 2093 et
941 2044 1120 2108 placito
1154 2045 1375 2107 generali
1419 2045 1691 2094 secundum

240 2112 650 2162 consuetudinem
691 2110 842 2175 Aquis
876 2111 1070 2174 habito,
1119 2111 1166 2157 in
1204 2117 1306 2158 tres
1348 2118 1515 2176 partes
1550 2112 1692 2177 regni

240 2179 315 2228 sui
348 2178 555 2227 totidem
592 2178 836 2226 exercitus
873 2177 1022 2240 misit,
1058 2193 1210 2225 unum
1244 2184 1381 2225 trans
1411 2176 1608 2230 Albium
1641 2176 1691 2227 in

239 2245 453 2294 Linones
498 2244 580 2308 qui
626 2252 677 2294 et
718 2243 855 2309 ipsos
903 2243 1117 2293 vastavit
1161 2251 1211 2292 et
1254 2244 1513 2293 castellum
1556 2239 1690 2294 Hoh-

239 2311 389 2360 buoki
425 2310 680 2375 superiore
715 2327 843 2359 anno
880 2326 908 2357 a
930 2310 1121 2358 Wiltzis
1157 2310 1462 2359 destructum
1497 2309 1547 2358 in
1582 2310 1690 2378 ripa

238 2378 411 2427 Albiae
445 2376 664 2425 fluminis
698 2377 1018 2439 restauravit,
1069 2377 1280 2424 alterum
1326 2375 1376 2424 in
1413 2376 1689 2441 Pannonias
1752 2435 1754 2438 Α

239 2444 303 2492 ad
337 2442 698 2492 controversias
733 2443 988 2491 Hunorum
1025 2449 1074 2491 et
1097 2442 1387 2490 Sclavorum
1419 2440 1687 2506 finiendas;

239 2509 438 2559 tertium
486 2508 534 2556 in
581 2507 828 2557 Brittones
875 2509 937 2556 ad
981 2524 1153 2556 eorum
1189 2507 1446 2573 perfidiam
1482 2507 1686 2574 punien-
1751 2539 1754 2571 5

240 2576 370 2623 dam.
454 2575 547 2633 Qui
584 2591 786 2638 omnes,
833 2574 981 2623 rebus
1016 2590 1252 2640 prospere
1288 2574 1467 2639 gestis,
1503 2574 1685 2623 incolo·
1750 2600 1754 2631 ς

239 2658 348 2692 mes
395 2642 609 2706 regressi
653 2649 777 2690 sunt.
872 2642 982 2707 Ipse
1034 2648 1200 2690 autem
1256 2641 1443 2690 interea
1486 2648 1688 2706 propter
1750 2640 1754 2685 .’

240 2709 449 2758 classem
470 2724 617 2772 quam
636 2724 763 2756 anno
799 2709 1053 2773 superiore
1090 2707 1195 2756 fieri
1222 2707 1485 2772 imperavit
1519 2707 1685 2757 viden·
1744 2706 1754 2758 ‘i
