1754 3120
233 208 299 254 56
648 205 950 254 ElNHARDl
987 206 1274 255 ANNALES

232 335 519 394 potuerunt,
556 334 606 374 et
639 327 734 391 ipsi
768 326 971 375 domum
1007 327 1221 391 regressi
1258 336 1387 377 sunt.
1456 330 1683 380 Godofoei-

234 395 325 442 dus
361 410 508 456 vero,
543 394 829 458 priusquam
856 401 1205 457 reverteretur,
1243 394 1492 445 destructo
1513 412 1594 446 em
1631 413 1683 446 o-

235 461 336 522 rio,
374 459 503 524 quod
541 459 589 507 in
627 460 797 507 oceani
834 460 978 508 litore
1008 461 1352 525 constitutum,
1401 461 1568 526 lingua
1632 479 1682 511 a—

234 542 411 574 norum
456 524 625 574 Reric¹
672 526 952 591 dicebatur,
997 534 1048 575 et
1093 543 1326 591 magnam
1362 543 1517 592 regno
1551 529 1683 579 iuius

233 592 635 642 commoditatem
670 593 984 656 vectigalium
1015 594 1349 658 persolutione
1382 595 1685 710 praestabak

233 660 581 724 translatisque
617 659 730 707 inde
766 659 1179 722 negotiatoribus,
1233 661 1394 708 soluta
1429 663 1588 711 classe
1622 678 1651 710 a

234 734 429 793 portum
471 726 552 790 qui
588 725 865 789 Sliesthorp
913 724 1090 773 dicitur
1134 741 1246 773 cum
1281 724 1511 775 universo
1546 743 1685 776 exer-

233 794 328 842 citu
363 793 511 840 venit.
593 791 662 839 lbi
700 806 790 856 per
823 790 1010 856 aliquot
1045 791 1150 840 dies
1186 798 1435 856 moratus,
1476 793 1686 844 limitem

233 859 372 922 regni
410 859 484 907 sui
522 858 605 923 qui
642 858 907 906 Saxoniam
943 857 1158 923 respicit,
1194 859 1324 906 vallo
1348 859 1540 908 munire
1568 876 1685 910 con-

232 925 406 988 stituit,
443 941 502 973 eo
540 924 704 987 modo,
741 933 795 973 ut
830 924 890 972 ab
928 924 1153 973 orientali
1188 925 1339 973 maris
1374 926 1501 990 sinu,
1537 942 1686 992 quem

233 992 302 1040 illi
340 990 617 1040 Ostarsalt²
652 991 832 1054 dicunt,
869 1007 1026 1056 usque
1062 991 1123 1039 ad
1153 991 1509 1040 occidentalem
1545 1008 1686 1042 ocea-

232 1075 350 1107 num
387 1065 541 1107 totam
566 1055 872 1121 Aegidorae³
905 1057 1123 1106 fluminis
1158 1058 1491 1122 aquilonalem
1526 1059 1686 1124 ripam

232 1126 595 1174 munimentum
639 1124 755 1171 valli
799 1132 1130 1189 praetexeret,
1184 1141 1282 1172 una
1315 1132 1506 1174 tantum
1541 1133 1686 1192 porta

234 1192 454 1254 dimissa,
489 1207 580 1256 per
614 1207 759 1255 quam
784 1207 922 1239 carra
960 1198 1010 1239 et
1045 1190 1234 1255 equites
1269 1191 1425 1240 emitti
1461 1200 1512 1241 et
1534 1191 1687 1258 recipi

233 1258 536 1324 potuissent:
584 1257 740 1306 diviso
788 1257 952 1322 itaque
988 1273 1139 1323 opere
1176 1258 1302 1306 inter
1337 1258 1487 1307 duces
1523 1259 1686 1372 cqpia-

233 1341 367 1386 rum,
413 1324 618 1371 domum
666 1339 895 1372 reversus
943 1331 1031 1372 est.
1113 1324 1306 1372 Interea
1345 1339 1432 1372 rex
1467 1326 1568 1372 Nor
1604 1341 1665 1373 an

234 1390 556 1439 humbrorum
606 1390 667 1438 de
715 1389 954 1439 Brittania
999 1390 1187 1453 insula,
1232 1389 1434 1438 nomine
1468 1391 1688 1456 Eardulf,

234 1473 389 1520 regno
427 1464 477 1504 et
510 1458 668 1522 patria
715 1458 914 1522 pulsus,
967 1457 1029 1504 ad
1064 1457 1416 1522 imperatorem
1450 1457 1569 1509 dum
1604 1458 1688 1506 ad-

234 1525 338 1572 huc
365 1523 658 1586 Noviomagi
706 1531 986 1571 moraretur
1030 1524 1188 1586 venit,
1237 1531 1287 1572 et
1323 1524 1569 1588 patefacto
1604 1524 1688 1573 ad-

235 1598 412 1639 ventus
448 1590 522 1638 sui
560 1588 789 1652 negotio,
827 1589 1034 1636 Romam
1055 1588 1396 1653 proficiscitur,
1433 1590 1689 1655 Romaque

234 1657 458 1719 rediens,
507 1672 596 1721 per
641 1657 834 1719 legatos
882 1654 1088 1703 Romani
1135 1654 1380 1720 pontificis
1423 1663 1475 1704 et
1521 1656 1690 1705 domni

234 1723 547 1789 imperatoris
592 1723 640 1770 in
688 1739 897 1785 regnum
934 1738 1079 1770 suum
1114 1721 1379 1770 reducitur.
1458 1721 1692 1772 Praeerat
1743 1732 1754 1762 ¹·

235 1799 352 1839 tunc
373 1789 612 1854 temporis
636 1788 873 1836 ecclesiae
899 1789 1151 1835 Romanae
1187 1787 1286 1835 Leo
1322 1787 1514 1852 tertius,
1550 1789 1691 1838 cuius
1738 1767 1754 1822 ξ’·

236 1858 432 1920 legatus
468 1856 529 1903 ad
566 1855 852 1903 Brittaniam
901 1854 1117 1903 directus
1154 1861 1230 1902 est
1265 1854 1494 1902 Aldulfus
1529 1855 1692 1904 diaco-

235 1940 329 1972 nus
374 1923 435 1970 de
484 1922 591 1987 ipsa
635 1921 901 1983 Brittania,
947 1921 1146 1968 natione
1192 1920 1350 1983 Sax0,
1398 1928 1595 1970 etcum
1630 1938 1690 1971 eo
1746 1925 1754 1931 ”

236 1990 296 2037 ab
334 1989 634 2054 imperatore
668 1987 807 2035 missi
844 1987 1048 2034 abbates
1093 1986 1190 2034 duo
1226 1986 1508 2035 Hrotfridus
1552 1996 1691 2038 nota-

236 2052 370 2103 rius⁴¹
429 2062 480 2102 et
527 2053 824 2102 Nantharius
872 2052 1024 2101 abbas
1072 2053 1133 2100 de
1180 2060 1350 2101 sancto
1394 2053 1690 2104 Audemaro.

236 2122 514 2185 Imperator
557 2136 675 2167 vero
722 2119 993 2167 aedificatis
1041 2135 1131 2184 per
1164 2119 1356 2181 legatos
1391 2135 1509 2168 suos
1544 2136 1694 2187 super
1741 2155 1754 2183 ἦ

236 2188 399 2237 Albim
436 2186 639 2234 fluvium
676 2186 868 2234 duobus
896 2186 1130 2246 castellis,
1166 2184 1512 2250 praesidioque
1547 2187 1597 2236 in
1620 2187 1694 2238 eis
1747 2194 1754 2224 ⁴

238 2262 407 2302 contra
443 2253 735 2301 Sclavorum
770 2253 1077 2301 incursiones
1099 2252 1361 2317 disposito,
1398 2252 1694 2317 Aquisgrani
1749 2240 1754 2281 i

238 2320 499 2382 hiemavit,
546 2320 858 2384 natalemque
904 2318 1098 2367 Domini
1145 2325 1195 2366 et
1239 2324 1465 2366 sanctum
1510 2321 1694 2384 pascha

238 2387 423 2435 ibidem
458 2384 738 2433 celebravit.

339 2464 449 2513 809.
503 2463 686 2512 Classis
745 2462 807 2511 de
854 2462 1280 2527 Constantinopoli
1331 2462 1484 2512 missa
1530 2463 1693 2529 primo
1740 2472 1742 2474 ’

244 2591 275 2635 1)
307 2588 515 2626 Gebhardio
554 2590 635 2625 hist.
670 2588 809 2624 Daniae
842 2601 876 2635 p.
911 2591 995 2628 381.
1034 2595 1088 2624 est
1123 2587 1283 2631 Rorich,
1318 2587 1402 2623 villa
1435 2599 1545 2635 parva
1580 2600 1694 2636 prope

240 2638 484 2674 Wismariam.
589 2638 625 2681 2)
650 2639 707 2673 die
733 2637 865 2673 Ostsee.
970 2636 1004 2683 3)
1029 2639 1085 2673 die
1110 2637 1237 2680 Eidem
1271 2635 1318 2672 cf.
1358 2635 1509 2680 „Kieler
1532 2635 1695 2674 ΒΙὲῑιοι-“

241 2686 283 2726 T.
307 2686 369 2723 IV.
395 2699 430 2735 p.
459 2688 540 2725 403.
646 2686 680 2733 4)
707 2686 817 2722 abbas
853 2684 891 2722 S.
923 2684 1090 2722 Amandi.
