1754 3120
611 210 666 257 Α.
703 209 815 259 810.
851 208 965 259 811.
1453 208 1513 256 61

65 337 121 382 et
149 330 463 380 orientalium
499 329 749 378 Saxonum
784 338 890 379 erat
924 327 1240 395 praesidium,
1275 343 1304 376 a
1325 327 1518 377 wiltzis

0 444 3 447 ,
188 400 295 461 ἠις
339 404 391 446 et
435 395 690 461 Pippinum
740 396 895 444 filium
941 397 1071 459 eius,
1124 409 1296 458 regem
1331 394 1517 456 ltaliae,

0 467 4 502 ἓ
64 464 115 518 8,
158 465 276 514 Idus
322 462 408 512 lul.
457 462 518 510 de
562 478 768 526 corpore
802 463 1074 526 migrasse3
1120 461 1339 525 duasque
1384 462 1519 524 lega-

0 540 2 542 ’
67 531 241 581 ‘tiones
277 529 344 578 de
394 527 603 575 diversis
660 535 906 575 terrarum
961 527 1208 591 partibus7
1262 543 1411 574 unam
1457 527 1519 574 do

68 594 509 659 minopoli,
547 594 755 641 alteram
791 594 854 640 de
888 592 1132 655 Corduba,
1167 593 1304 656 pacis
1341 594 1519 641 facien·

66 663 341 719 ssve-usa
364 660 631 708 adventare
654 667 892 708 narratur.
947 658 1135 718 Quibus
1171 657 1254 705 ine
1289 659 1520 723 acceptis,

0 735 19 783 Γ·
42 722 307 795 k&weita
338 743 428 792 pro
464 727 703 792 temporis
740 726 1017 774 conditione
1043 724 1280 787 Saxonia,
1316 724 1519 772 domum

64 794 343 844 auertitur.
407 794 563 842 Tanta
599 794 691 841 fuit
724 793 773 839 in
809 808 868 839 ea
904 791 1215 857 expeditione
1249 789 1402 853 boum
1435 806 1519 855 pe-

0 866 12 912 2'
66 861 312 924 Utilentia,
365 866 419 908 ut
474 874 633 924 paene
678 859 841 906 nullus
893 865 1028 906 tanto
1071 856 1306 905 exercitui
1349 873 1519 922 super-

0 927 6 963 ἶ
66 935 227 991 emt,
273 925 388 991 quin
435 941 608 973 omnes
652 941 809 989 usque
853 925 914 972 ad
950 940 1103 972 unum
1138 923 1418 985 interirent3
1470 930 1521 971 et

66 1008 167 1044 non
199 993 362 1042 solum
397 991 492 1055 ibi,
529 991 618 1039 sed
654 992 802 1039 etiam
839 1007 989 1056 super
1024 1006 1198 1038 omnes
1233 989 1519 1054 imperatori

64 1058 313 1110 subiectas
346 1058 625 1124 provincias
666 1059 796 1106 illius
832 1059 1030 1121 generis
1067 1056 1353 1119 animalium
1388 1071 1520 1103 mor-

65 1126 231 1176 talius
255 1125 595 1174 inmanissime
629 1131 859 1188 grassata
895 1132 982 1172 est.
1036 1123 1313 1187 Imperator
1333 1123 1519 1186 Aquas·

65 1193 208 1257 grani
241 1191 445 1240 veniens
481 1207 652 1239 mense
689 1191 939 1253 Octobrio,
975 1196 1278 1237 memoratas
1313 1189 1519 1252 legatio-

66 1273 160 1309 nes
191 1258 406 1322 audivit,
440 1274 710 1323 pacemque
746 1274 857 1305 oum
883 1258 1098 1305 Niciforo
1134 1256 1435 1320 imperatore
1471 1262 1522 1303 et

67 1339 183 1375 mm
220 1324 408 1373 Abulaz
454 1341 573 1388 rege
621 1324 886 1389 Hispaniae
934 1324 1062 1371 fecit.
1142 1324 1268 1370 Nam
1304 1322 1519 1369 Niciforo

38 1390 326 1440 'Venetiam
360 1389 620 1455 reddidit1,
658 1399 707 1439 et
742 1390 1043 1438 Haimricum
1078 1390 1310 1437 comitem
1346 1388 1465 1435 olim
1491 1403 1520 1435 a

69 1458 356 1507 Sarracenis
419 1465 645 1522 captum,
707 1457 892 1505 Abulaz
944 1455 1255 1518 remittente,
1318 1453 1519 1518 recepit.

69 1523 142 1573 Eo
185 1539 316 1571 anno
358 1524 435 1571 sol
480 1531 530 1571 et
573 1525 686 1571 luna
733 1524 807 1571 bis
843 1524 1157 1584 defecerunt⁷
1202 1521 1277 1568 sol
1321 1523 1368 1570 7.
1405 1520 1519 1568 Idus

68 1589 174 1638 bn.
221 1596 272 1638 et
316 1589 361 1637 2.
393 1590 499 1637 Kal.
538 1588 851 1652 Decembris⁷
905 1589 1019 1636 iuna
1068 1589 1144 1635 ll.
1192 1588 1297 1635 Kal.
1346 1587 1434 1634 lul.
1471 1594 1522 1634 et

0 1691 2 1695 ,
72 1655 152 1705 18.
195 1655 300 1705 Kal.
346 1655 534 1703 Ianuar.
620 1656 819 1704 Corsica
866 1655 1024 1703 insula
1059 1654 1237 1702 iterum
1274 1669 1301 1701 a
1337 1653 1521 1700 Mauris

69 1729 262 1771 vastata
297 1728 388 1769 est.
467 1723 684 1769 Amoroz
720 1722 781 1768 ab
816 1722 1143 1783 Abdiraman⁷
1179 1720 1280 1767 filio
1317 1719 1520 1781 Abulaz.,

71 1788 136 1836 de
158 1788 566 1849 Caesaraugusta
601 1788 858 1851 expulsus,
895 1794 946 1834 et
972 1787 1152 1834 Oscam
1187 1787 1372 1834 intrare
1407 1802 1520 1832 con-

106 1854 247 1903 ulsus
308 1861 398 1902 est.
500 1853 772 1902 Godofrido
824 1853 1076 1900 Danorum
1137 1867 1258 1915 rege
1308 1859 1522 1914 mortuo,

70 1871 399 1984 hemmingus
434 1919 565 1967 filius
601 1920 767 1968 fratris
803 1920 909 1968 eius
945 1919 993 1967 in
1027 1934 1237 1982 regnum
1269 1917 1522 1981 successit,

0 1985 10 2048 ἰ,
65 2003 133 2036 'ae
162 2002 337 2053 pacem
373 2002 484 2033 cum
519 1986 818 2050 imperatore
853 1985 983 2034 fecit.

0 2050 14 2202 ι
136 2076 250 2127 811.
287 2075 522 2126 Absoluto
547 2083 692 2140 atque
730 2076 933 2124 dimisso
957 2074 1147 2124 Arsafio
1184 2074 1434 2140 spathario
1459 2099 1515 2109 —

3 2203 5 2206 Ι
72 2142 169 2192 hoc
193 2151 302 2191 erat
334 2158 514 2190 nornen
553 2143 717 2206 legato
739 2143 939 2191 Nicifori
965 2142 1275 2207 imperatoris
1302 2168 1363 2175 —
1395 2141 1523 2188 eius-

0 2207 7 2248 '-
73 2208 189 2258 dem
224 2207 358 2275 pacis
393 2207 757 2257 confirmandae
802 2208 960 2272 gratia
996 2208 1146 2270 legati
1184 2207 1523 2255 Constantino—

109 2274 228 2325 olim
274 2273 336 2323 ab
381 2275 680 2340 imperatore
725 2274 1009 2335 mittuntur,
1064 2273 1217 2320 Haido
1263 2273 1524 2338 episcopus

73 2293 342 2405 gaslensis,
376 2348 426 2390 et
460 2342 634 2405 Hugus
670 2357 836 2389 comes
871 2339 1156 2401 ToronicuS,
1191 2346 1241 2387 et
1278 2339 1364 2386 Aio
1400 2337 1523 2386 Lan-

75 2406 327 2472 gobardus
386 2407 448 2455 de
492 2408 751 2469 Foroiulii,
811 2414 860 2455 et
903 2414 1014 2454 cum
1042 2409 1134 2454 -eis
1183 2404 1282 2452 Leo
1327 2404 1524 2470 quidam

76 2473 384 2541 spatharius,
420 2473 618 2523 natione
654 2474 873 2537 Siculus,
911 2479 960 2520 et
995 2470 1202 2534 willeri,
1239 2471 1334 2518 dux
1370 2470 1524 2518 Vene-

78 2589 122 2626 ¹>
150 2587 251 2635 poei-
287 2586 396 2622 huiu-
431 2586 654 2623 conditiones
692 2599 735 2624 ex
771 2592 878 2633 pacto
914 2584 1097 2621 Hlossnrii
1122 2583 1152 2620 1.
1185 2585 1412 2630 imperatoris
1445 2595 1525 2638 oum

0 2660 13 2678 .,
112 2636 228 2677 euntis
260 2635 523 2691 cognoscimus,
606 2636 655 2671 od
679 2647 723 2671 ex
761 2634 977 2670 membranis
1003 2633 1140 2669 archivi
1166 2633 1252 2667 olim
1279 2633 1331 2687 rei
1359 2631 1526 2687 pnbhcae

0 2678 12 2737 ᾗ
78 2681 255 2767 ναῖε-ῥεια,
289 2695 358 2719 mn
386 2681 554 2719 Caesarei
615 2683 888 2725 indobonennis,
926 2682 1142 2728 descriptum
1168 2680 1364 2716 lectoribus
1391 2692 1427 2715 ιιι
1454 2690 1526 2725 po-

0 2764 22 2901 ἱ
80 2743 97 2766 ι
177 2740 213 2768 n
236 2742 491 2780 proponemus.
