1754 3120
657 243 710 289 A.
748 239 859 290 826.
895 239 1007 288 827.
1500 240 1564 288 97

103 367 245 433 regui
291 367 365 416 sui
411 364 649 415 terminos
698 363 824 412 tueri
860 362 1123 428 praecepit.
1208 360 1350 420 Quod
1387 360 1455 409 ita
1492 362 1561 407 fa-

103 441 239 486 dum
274 440 424 496 esset,
461 431 509 479 ni
546 430 726 478 ducum
762 430 951 479 desidia
986 445 1110 493 quos
1145 428 1446 476 Francorum
1481 442 1562 474 ex-

0 546 4 550 .
91 501 275 550 ‘ercitui
309 499 643 566 praefecerat,
682 497 867 545 tardius
905 511 1051 560 quam
1089 511 1255 542 rerum
1293 493 1562 542 necessitas

101 566 411 635 postulabat,
448 565 489 612 is
525 579 672 628 quem
708 562 954 610 ducebant
989 562 1050 608 ad
1089 577 1307 608 marcam
1344 560 1563 609 venisset

103 633 362 684 exercitus.
434 631 571 689 Quae
609 629 815 677 tarditas
851 629 900 676 in
938 635 1128 676 tantum
1165 628 1311 674 noxia
1348 628 1462 689 fuit,
1508 633 1561 674 ut

102 700 434 761 Abumarvan,
472 696 676 745 vastatis
712 694 1148 743 Barcinonensium
1186 709 1242 741 ac
1272 693 1560 741 Gerunden-

101 767 234 816 sium
277 765 411 829 agris
456 764 682 827 villisque
729 762 969 825 incensis,
1019 759 1204 808 cunctis
1248 759 1397 806 etiam
1435 775 1559 823 quae

102 839 242 883 extra
277 832 426 880 urbes
464 831 720 879 invenerat
754 828 977 893 direptis,
1014 844 1124 875 cum
1162 826 1392 874 incolomi
1421 841 1559 873 exer-

103 900 203 950 citu
245 899 694 961 Caesaraugustam
740 911 794 943 se
842 895 976 960 prius
1023 894 1292 959 reciperet,
1338 909 1486 957 quam
1531 909 1560 940 a

103 973 275 1016 nostro
310 965 527 1014 exercitu
562 964 641 1011 vel
678 962 833 1010 videri
870 962 1123 1027 potuisset.
1207 960 1362 1007 Huius
1406 959 1560 1007 cladis

102 1033 363 1099 praesagia
385 1031 570 1080 credita
597 1037 711 1079 sunt
735 1029 870 1077 visae
892 1028 1145 1076 multoties
1170 1026 1219 1074 in
1248 1027 1385 1074 coelo
1410 1026 1559 1088 acies,

102 1106 155 1150 et
198 1099 284 1148 ille
338 1098 573 1148 terribilis
627 1104 895 1144 nocturnae
943 1094 1294 1143 coruscationis
1348 1092 1396 1139 in
1445 1098 1558 1139 ae're

101 1165 368 1215 discursus.
445 1164 720 1229 Imperator
760 1169 950 1222 autem,
1001 1161 1192 1209 duobus
1236 1158 1557 1207 conventibus

101 1231 308 1293 habitis,
351 1246 450 1279 uno
495 1230 624 1295 apud
659 1228 957 1291 Niumagum
994 1236 1196 1292 propter
1238 1227 1388 1273 falsas
1423 1226 1556 1273 Hoh-

101 1298 218 1363 rici,
252 1297 341 1346 filii
378 1296 635 1346 Godofridi
670 1295 803 1358 regis
838 1296 1118 1357 Danorum,
1163 1292 1555 1358 pollicitationes,

102 1365 279 1431 quibus
313 1379 368 1414 se
398 1365 481 1412 illo
509 1363 570 1411 ad
600 1362 913 1427 imperatoris
934 1361 1267 1427 praesentiam
1294 1366 1557 1406 venturum

101 1431 420 1498 promiserat,
468 1431 624 1480 altero
672 1430 803 1494 apud
851 1428 1238 1494 Compendium,
1289 1426 1337 1473 in
1374 1443 1470 1490 quo
1508 1433 1558 1472 et

101 1498 329 1548 annualia
366 1497 496 1546 dona
531 1498 774 1561 suscepit,
812 1504 860 1544 et
895 1496 971 1544 his
1009 1495 1090 1559 qui
1126 1494 1187 1542 ad
1224 1509 1442 1540 marcam
1475 1492 1556 1539 Hi-

101 1567 354 1632 spanicam
388 1563 612 1613 mittendi
662 1571 828 1625 erant,
873 1562 987 1625 quid
1032 1562 1111 1608 vel
1156 1559 1363 1624 qualiter
1406 1575 1556 1622 agere

100 1632 356 1695 deberent,
392 1629 667 1695 imperavit,
702 1629 809 1693 ipse
845 1628 973 1676 inter
1002 1625 1360 1691 Compendium
1393 1633 1443 1673 et
1467 1627 1556 1674 Ca-

99 1698 334 1748 tiniacum
369 1705 630 1760 ceteraque
666 1695 743 1743 his
780 1695 935 1742 vicina
972 1693 1156 1759 palatia
1192 1709 1347 1757 usque
1386 1692 1447 1739 ad
1482 1692 1554 1739 hi-

99 1764 241 1813 berni
285 1762 523 1828 temporis
576 1761 766 1810 initium
819 1769 1141 1809 conversatus
1185 1768 1274 1808 est.
1362 1759 1555 1806 Interea

99 1846 248 1897 reges
282 1828 554 1891 Danorum,
590 1827 677 1875 filii
704 1827 935 1876 videlicet
954 1826 1227 1886 Godofridi,
1265 1826 1554 1872 Herioldum

100 1897 165 1946 de
197 1896 444 1946 consortio
480 1895 620 1958 regni
667 1895 926 1956 eicientes,
979 1893 1411 1942 Nordmannorum
1448 1891 1554 1939 fini-

100 1963 192 2013 bus
225 1963 464 2012 excedere
500 1962 857 2026 compulerunt.
940 1960 1138 2023 Bulgari
1185 1975 1378 2023 quoque
1420 1959 1554 2006 Scla-

11 2036 13 2038 ’
98 2047 191 2080 vos
224 2031 273 2078 in
310 2029 557 2078 Pannonia
594 2028 849 2088 sedentes,
903 2028 1053 2074 misso
1091 2042 1180 2090 per
1215 2026 1433 2073 Dravum
1471 2042 1555 2072 na-

101 2095 196 2146 vali
231 2095 465 2157 exercitu,
502 2096 635 2142 ferro
671 2103 719 2142 et
755 2094 855 2157 igni
889 2100 1226 2155 vastaverunt,
1263 2100 1312 2140 et
1338 2092 1554 2158 expulsis

99 2178 274 2212 eorum
309 2161 530 2223 ducibus,
565 2160 851 2223 Bulgaricos
881 2175 1029 2224 super
1065 2175 1150 2207 eos
1187 2165 1406 2207 rectores
1440 2175 1552 2206 con-

100 2229 376 2279 stituerunt.
447 2227 697 2290 Eugenius
721 2243 847 2290 papa
873 2242 1044 2274 mense
1076 2226 1298 2286 Augusto
1323 2225 1553 2285 decessit,

101 2296 151 2345 in
186 2295 324 2344 cuius
360 2296 524 2343 locum
563 2293 846 2342 Valentinus
882 2293 1115 2340 diaconus
1161 2307 1188 2338 a
1225 2291 1458 2339 Romanis
1504 2299 1554 2339 et

101 2362 308 2423 electus,
345 2370 395 2411 et
430 2360 710 2423 ordinatus,
749 2360 828 2408 vix
866 2375 1015 2407 unum
1052 2373 1276 2406 mensem
1312 2358 1360 2406 in
1396 2358 1552 2423 ponti-

18 2437 22 2442 “
100 2428 250 2479 ficatu
285 2428 566 2493 complevit,
605 2445 700 2492 quo
731 2427 979 2485 defuncto,
1017 2424 1286 2488 Gregorius
1312 2424 1554 2490 presbiter

100 2496 230 2546 tituli
265 2494 420 2544 sancti
456 2494 606 2542 Marci
643 2495 846 2556 electus,
882 2493 970 2541 sed
1008 2509 1103 2540 non
1135 2492 1268 2556 prius
1301 2491 1553 2540 ordinatus

101 2570 202 2627 est,
246 2578 394 2627 quam
443 2561 634 2624 legatus
679 2560 990 2625 imperatoris
1036 2559 1244 2607 Romam
1293 2559 1454 2620 venit,
1505 2566 1554 2604 et

102 2629 396 2679 electionem
433 2627 625 2692 populi,
670 2628 827 2692 qualis
873 2633 1033 2687 esset,
1082 2625 1391 2673 examinavit.
1464 2625 1552 2671 Le·

102 2695 203 2760 goti
238 2694 525 2745 Michalielis
565 2693 876 2759 imperatoris
920 2693 981 2741 de
1030 2690 1453 2756 Constantinopoli
1492 2691 1555 2739 ad

104 2762 453 2827 imperatorem
499 2761 636 2825 quasi
691 2767 891 2826 propter
942 2758 1116 2807 foedus
1165 2758 1551 2806 confirmandum

1154 2840 1183 2884 7
