1754 3120
157 226 202 262 W
555 229 854 278 ElNHARDl
891 228 1193 278 ANNALES.

155 365 321 398 corum
357 350 425 397 ad
461 364 640 397 annum
674 350 773 399 774
807 350 883 415 §§.
919 350 1196 402 127-133.
1234 351 1419 402 obiecta
1454 353 1605 403 brevi·

155 420 228 464 ter
262 416 561 477 refellamus,
608 415 719 478 illa,
768 419 843 465 cui
871 417 1130 480 plurimum
1165 418 1348 482 tribuit,
1396 433 1609 486 quaeque

155 483 229 530 vel
246 482 574 530 Mabillonium
608 484 739 531 initio
776 483 1068 548 abripuerat‚
1103 486 1324 533 narratio
1348 484 1407 534 de
1441 498 1609 536 mona·

156 551 287 597 sterii
329 549 754 598 Laureshamensis
805 553 1162 599 consecratione
1214 567 1342 600 anno
1396 552 1510 615 774,
1561 553 1611 601 in

158 615 376 663 omnibus
418 615 657 679 hucusque
699 617 999 679 editionibus,
1046 618 1386 682 Nuenariana,
1438 617 1609 668 Frehe-

156 683 327 744 riana,
366 682 662 744 Claesniana‚
713 683 1050 746 Bouquetiana
1085 688 1132 731 et
1165 683 1354 747 reliquis
1386 684 1496 734 inde
1529 684 1609 734 de·

156 750 325 797 rivatis
348 751 621 812 conspicua,
660 765 693 796 a
726 749 855 797 nullo
892 751 1084 797 omnino
1119 749 1281 798 codice
1317 752 1608 814 aquo-scitur,

154 815 241 863 sed
283 815 595 864 Nuenariano
643 815 762 863 libro
809 832 841 863 a
876 816 1114 864 monacho
1158 815 1368 880 quodam
1402 817 1609 866 Laureo-

154 882 369 930 hamensi
414 884 594 930 inserta
640 886 709 930 est
715 900 735 943 ,-
782 884 894 945 quin
937 884 1081 932 immo
1117 899 1202 931 nec
1234 884 1439 944 fontem,
1482 882 1610 932 unde

155 965 263 996 eam
307 951 511 1011 accepit,
558 950 864 1013 iynoramus‚
908 965 1051 1013 quum
1094 949 1296 997 eandem
1324 949 1472 1013 plane
1503 965 1608 998 sen-

155 1016 350 1062 tentiam
386 1017 434 1063 in
471 1015 726 1063 annalibus
747 1015 1135 1064 Laurissensibus
1160 1016 1421 1064 minoribus
1449 1017 1611 1074 efferri

155 1083 516 1132 meminerimus.
603 1082 679 1129 Ita
724 1086 771 1130 et
811 1083 968 1131 altera
1014 1083 1098 1130 illa
1143 1084 1375 1130 sententia
1408 1083 1458 1129 in
1491 1081 1608 1130 Ein-

156 1148 299 1196 hardi
351 1148 542 1197 laudem
595 1151 860 1212 composita
914 1149 1189 1198 Heinardus
1241 1149 1317 1198 sui
1370 1148 1609 1214 temporis

155 1215 569 1280 prudentissimus
617 1216 836 1264 virorum
884 1226 1083 1265 sanctae
1128 1216 1406 1264 devotionis
1440 1214 1608 1264 incita-

153 1289 230 1330 tus
267 1282 443 1330 ardore
480 1287 564 1330 etc.
601 1299 748 1345 quam
793 1285 841 1330 in
873 1284 1075 1331 Reuberi
1108 1283 1308 1330 editione
1345 1297 1474 1330 anno
1509 1282 1609 1332 827

153 1348 373 1411 leqimus‚
422 1364 479 1396 ecc
524 1351 752 1410 anonymi
798 1351 895 1396 vita
942 1349 1208 1396 Hludowici
1241 1349 1314 1396 Pii
1359 1348 1610 1410 depromta

153 1419 232 1462 est.
309 1415 575 1477 Praecipuo
620 1416 764 1477 iqitur
822 1416 991 1463 Cointii
1036 1418 1318 1477 aryumento
1365 1412 1607 1476 convulso,

154 1481 269 1544 quid
302 1481 486 1544 reliqua
524 1481 585 1528 ab
622 1497 676 1528 eo
714 1481 869 1528 allata
904 1481 1120 1543 valeant,
1156 1480 1371 1528 iudicare
1398 1479 1610 1542 proclive

152 1551 232 1595 est.
313 1546 368 1595 In
403 1548 454 1595 id
487 1549 610 1595 enim
644 1548 861 1611 redeunt,
907 1547 1037 1611 quod
1078 1549 1201 1595 vitae
1244 1551 1416 1594 auctor
1447 1546 1604 1609 Pippi-

152 1630 266 1661 num
300 1630 331 1662 a
350 1614 594 1677 Stephano
623 1630 758 1677 papa
783 1619 1082 1676 coronatum,
1120 1613 1177 1662 de
1205 1612 1367 1662 Caroli
1400 1613 1609 1670 infantia

152 1680 267 1728 nihil
315 1681 406 1729 sibi
450 1686 770 1744 compertum,
822 1682 1230 1730 Carolomannum
1272 1680 1456 1728 biennio
1497 1683 1611 1742 post

152 1749 286 1810 re9ni
330 1749 406 1795 sui
450 1750 584 1796 initia
621 1748 817 1810 obiisse,
870 1753 915 1795 et
949 1749 1134 1795 biennio
1166 1751 1282 1810 post
1313 1746 1609 1795 Saxonicum

152 1814 576 1877 Lanqobardicum
602 1815 771 1862 bellum
797 1816 1023 1876 incepisse
1043 1814 1188 1875 dicat,
1227 1811 1473 1860 annalista
1498 1827 1608 1861 vero

151 1881 444 1928 Zachariam
487 1897 674 1943 papam
720 1882 881 1943 reyiae
929 1881 1173 1943 diynitatis
1206 1879 1405 1940 Pippino
1446 1879 1607 1935 confe-

152 1947 332 1995 rendae
376 1951 622 1995 auctorem
667 1947 938 2009 praedicet,
990 1961 1075 1992 nec
1132 1944 1358 1992 Carolum
1405 1959 1608 2006 puerum

151 2030 251 2061 una
286 2029 392 2061 cum
425 2018 566 2076 patre
588 2017 887 2074 coronatum,
923 2028 1008 2060 nec
1041 2011 1447 2060 carolomannum
1478 2026 1607 2059 anno

153 2081 244 2128 771
285 2082 402 2137 fatis
448 2081 733 2128 concessisse
769 2081 974 2142 iynoret,
1022 2083 1069 2126 et
1113 2078 1218 2125 belli
1251 2077 1610 2140 Lanyobardici

147 2148 434 2209 principium
458 2147 527 2194 ad
562 2162 740 2194 annum
778 2146 874 2195 773
913 2147 1123 2203 referat:
1160 2159 1282 2207 quae
1308 2143 1480 2191 nullius
1506 2159 1608 2192 mo-

152 2215 295 2260 menti
330 2229 431 2261 esse
465 2213 608 2270 facile
642 2213 926 2275 intelliyitur.
999 2213 1179 2260 Contra
1214 2226 1322 2258 cum
1355 2209 1606 2272 modestia,

152 2280 239 2327 tali
272 2282 373 2327 viro
411 2280 587 2343 (liqna,
623 2296 718 2343 qua
754 2279 1000 2326 annalista
1036 2294 1164 2325 anno
1195 2278 1293 2326 827
1328 2275 1607 2324 translatio-

151 2348 224 2394 nis
256 2351 535 2394 sanctorum
569 2346 836 2394 Marcellini
880 2349 927 2392 et
969 2344 1097 2392 Petri
1142 2347 1388 2391 auctorem
1431 2343 1607 2406 reticet,

151 2429 295 2477 quum
329 2417 490 2460 tamen
526 2428 654 2460 anno
689 2413 788 2462 826
817 2413 865 2458 in
902 2427 953 2458 re
975 2410 1115 2458 simili
1142 2409 1423 2457 Hilduinum
1455 2411 1607 2458 nomi-

152 2481 382 2541 navisset,
420 2495 607 2543 quaque
644 2495 771 2526 anno
790 2479 890 2528 806
920 2492 1091 2525 nomen
1125 2492 1264 2524 suum
1298 2480 1485 2525 tantum
1509 2491 1607 2524 non

149 2547 291 2608 plane
325 2546 601 2594 intercidere
632 2548 839 2608 patitur,
889 2549 987 2592 tum
1033 2548 1137 2591 tota
1173 2544 1330 2605 operis
1362 2543 1606 2603 institutio,

152 2613 300 2675 stylus
334 2613 481 2661 multo
520 2614 691 2675 purior
731 2612 870 2660 solito
920 2627 1004 2659 nec
1040 2611 1129 2658 nisi
1164 2626 1270 2657 cum
1305 2610 1402 2657 vita
1437 2607 1608 2656 Karoli

153 2680 489 2742 conferendus,
538 2679 706 2727 eadem
749 2677 935 2726 videndi
979 2694 1038 2725 ac
1085 2675 1325 2725 narrandi
1370 2677 1520 2737 ratio,
1575 2691 1608 2722 a

154 2747 342 2809 reliquis
377 2748 475 2794 eius
511 2748 614 2794 aevi
638 2745 946 2807 scriptoribus
976 2744 1121 2807 plane
1158 2743 1330 2804 aliena,
1365 2741 1451 2790 sed
1484 2757 1607 2805 quae
