1754 3120
201 224 266 274 98
614 225 915 273 ElNHARDl
951 226 1239 276 ANNALES

200 347 365 410 missi,
410 345 724 411 Septembrio
770 362 942 396 mense
990 348 1349 415 Compendium
1395 359 1654 416 venerunt,

202 430 325 478 quos
362 413 446 460 ille
481 412 547 460 ibi
585 412 798 477 benigne
833 422 1061 480 receptos
1096 423 1148 465 et
1183 416 1371 465 audivit
1407 424 1459 466 et
1492 418 1655 468 absol-

203 481 283 528 vit.
366 480 585 544 Corpora
632 480 1034 531 beatissimorum
1081 483 1339 532 martirum
1383 484 1654 535 Marcellini

202 553 252 594 et
287 546 415 594 Petri
452 546 513 595 de
548 547 704 595 Roma
751 548 974 612 sublata,
1021 557 1071 598 et
1117 550 1350 599 Octobrio
1399 566 1571 600 mense
1605 552 1656 601 in

202 612 488 661 Franciam¹
525 615 778 677 translata,
815 623 866 664 et
900 615 966 663 ibi
1003 617 1172 664 multis
1208 617 1362 681 signis
1392 625 1539 682 atque
1559 618 1658 666 vir-

202 679 386 728 tutibus
423 680 686 729 clarificata
722 679 883 729 sunt2.

299 746 413 795 828.
466 748 750 795 Conventus
803 747 1113 812 Aquasgrani
1170 763 1343 796 mense
1387 748 1654 798 Februario

201 813 356 860 factus
392 820 484 877 est,
522 813 569 860 in
606 831 701 878 quo
738 830 851 862 cum
887 814 950 862 de
984 815 1153 863 multis
1189 814 1298 863 aliis
1334 814 1512 880 causis,
1550 822 1655 865 tum

200 879 462 944 praecipue
508 880 571 927 de
617 881 693 929 his
738 897 862 945 quae
909 882 957 929 in
994 897 1161 930 marca
1196 881 1460 946 Hispanica
1502 883 1656 932 conti-

201 953 408 1010 gerunt⁷
462 947 586 995 ratio
623 947 816 1012 habita⁷
853 955 903 997 et
937 949 1088 1012 legati
1126 949 1206 1013 qui
1245 948 1476 998 exercitui
1512 965 1654 1015 prae-

201 1020 343 1060 erant
377 1013 647 1078 culpabiles
685 1015 885 1078 inventi,
923 1022 973 1063 et
1005 1015 1139 1064 iuxta
1162 1015 1340 1064 merita
1374 1032 1465 1065 sua
1498 1016 1654 1065 hono-

201 1095 312 1127 rum
359 1080 625 1128 amissione
669 1081 862 1129 multati
899 1089 1027 1130 sunt.
1108 1082 1348 1130 Similiter
1383 1090 1433 1131 et
1466 1081 1654 1131 Baldri-

199 1162 311 1209 cus,
348 1146 445 1194 dux
479 1147 846 1212 Foroiuliensis⁷
882 1165 994 1196 cum
1029 1154 1232 1214 propter
1266 1149 1372 1198 eius
1407 1149 1655 1212 ignaviam

198 1212 524 1276 Bulgarorum
562 1215 805 1263 exercitus
842 1215 1080 1263 terminos
1116 1215 1395 1262 Pannoniae
1430 1215 1652 1280 superio-

199 1279 266 1327 ris
302 1281 485 1344 inpune
521 1287 787 1345 vastasset,
836 1281 1105 1329 honoribus
1148 1297 1272 1345 quos
1307 1280 1523 1329 habebat
1557 1282 1654 1348 pri-

200 1353 358 1409 vatus,
395 1355 444 1395 et
479 1363 644 1395 marca
681 1364 829 1412 quam
866 1348 1002 1396 solus
1038 1348 1256 1411 tenebat,
1292 1347 1420 1397 inter
1445 1355 1656 1413 quatuor

199 1414 407 1462 comites
444 1413 600 1462 divisa
638 1422 727 1463 est.
797 1415 1102 1478 Halitgarius
1146 1415 1518 1464 Camaracensis
1553 1415 1654 1481 epi-

197 1495 377 1544 scopus
424 1488 472 1528 et
519 1482 780 1530 Ansfridus
826 1481 978 1530 abbas
1014 1481 1302 1531 monasterii
1345 1482 1654 1530 Nonantulae

199 1547 677 1611 Constantinopolim
714 1548 880 1610 missi,
916 1557 966 1597 et
1001 1565 1029 1596 a
1058 1549 1299 1597 Michaele
1333 1548 1653 1614 imperatore,

197 1613 323 1662 sicut
348 1613 439 1678 ipsi
463 1613 576 1661 inde
607 1613 794 1662 reversi
818 1615 1106 1678 retulerunt,
1142 1614 1412 1662 honorifice
1437 1616 1655 1680 suscepti

198 1687 325 1728 sunt.
407 1680 683 1746 Imperator
718 1681 855 1729 lunio
891 1697 1064 1729 mense
1099 1681 1161 1728 ad
1197 1681 1527 1744 lngilunheim
1561 1682 1654 1730 vil-

198 1747 296 1794 lam
332 1748 495 1810 venit,
533 1747 697 1812 ibique
723 1764 812 1812 per
848 1748 1034 1811 aliquot
1069 1747 1174 1794 dies
1195 1745 1431 1812 placitum
1466 1746 1667 1812 habuit,
1719 1774 1721 1777 ·

197 1813 244 1860 in
293 1830 414 1877 quo,
477 1829 588 1861 cum
636 1814 697 1861 de
745 1813 858 1862 filiis
906 1813 1007 1862 suis
1053 1813 1312 1862 Hlothario
1356 1821 1406 1863 et
1447 1813 1654 1879 Pippino

198 1895 311 1927 cum
364 1880 581 1929 exercitu
646 1880 707 1928 ad
759 1897 980 1929 marcam
1030 1880 1349 1946 Hispanicam
1401 1880 1653 1930 mittendis

196 1946 456 1995 consilium
494 1947 689 2011 inisset⁷
725 1954 777 1995 et
811 1947 860 1995 id
898 1947 1146 2012 quomodo
1182 1946 1324 1996 fieret
1358 1947 1654 2011 ordinasset,

199 2037 229 2082 1)
268 2037 305 2072 in
340 2036 514 2072 Franciae
548 2042 686 2083 partem
724 2035 989 2071 Germanicam.
1097 2034 1131 2082 2)
1167 2034 1429 2071 Translationis
1464 2036 1651 2071 historiam

195 2085 284 2131 ipse,
310 2086 372 2131 qui
399 2097 551 2131 corpora
573 2084 759 2119 transferri
780 2091 979 2127 curaverat,
1004 2082 1211 2119 Einhardus
1232 2090 1355 2120 noster
1373 2084 1529 2130 scripsit.
1572 2083 1653 2121 Re—

194 2133 263 2167 sert
288 2133 324 2167 in
352 2144 406 2175 ca,
432 2139 569 2180 partem
595 2133 830 2179 reliquiarum
857 2133 927 2167 iam
953 2133 1019 2167 sub
1053 2133 1159 2167 linem
1193 2133 1277 2167 anni
1303 2131 1488 2180 praeteriti
1513 2131 1653 2169 Michi-

193 2181 408 2223 linstadum‚
443 2182 599 2228 indeque
634 2192 729 2216 anno
768 2183 840 2219 827
876 2182 935 2215 die
972 2184 1028 2219 17.
1063 2179 1220 2215 Ianuarii
1255 2179 1533 2217 Mulinbeimum
1567 2192 1586 2216 a
1612 2191 1652 2216 se

196 2230 420 2271 translatam,
455 2230 631 2276 reliquam
667 2241 753 2264 vero
778 2229 822 2264 ab
848 2228 1025 2264 Hildoino
1052 2229 1180 2264 abbate
1207 2235 1290 2265 octo
1315 2228 1443 2264 diebus
1475 2234 1558 2276 post
1579 2239 1652 2276 pa-

194 2278 278 2312 scha
317 2278 388 2313 sibi
421 2278 597 2314 redditam
634 2284 670 2314 et
703 2290 769 2324 per
802 2284 974 2314 aestatem
1007 2276 1227 2325 Aquisgrani
1262 2284 1462 2319 servatam,
1494 2277 1650 2320 tandem,

196 2333 382 2373 postquam
415 2327 493 2373 ipse
527 2327 571 2362 ab
608 2327 826 2373 imperatore
862 2327 898 2361 in
923 2327 1151 2362 venationem
1178 2326 1364 2361 solennem
1390 2325 1554 2372 profecto
1580 2325 1653 2360 ab-

194 2375 302 2410 eundi
329 2375 511 2411 licentiam
538 2375 730 2421 acceperit,
756 2374 1035 2411 Mulinheimum
1062 2375 1265 2416 advectam,
1293 2379 1400 2422 atque
1425 2373 1536 2409 sacris
1563 2385 1653 2409 cor-

194 2423 342 2470 poribus
380 2424 507 2459 iterum
545 2424 718 2459 sociatam
753 2435 844 2459 esse.
914 2422 1079 2459 Perfecta
1115 2423 1248 2469 igitur,
1285 2429 1325 2457 ut
1361 2433 1468 2468 supra
1507 2421 1650 2468 legitur,

195 2483 319 2507 mense
345 2470 497 2507 Octobri
524 2472 770 2514 translatione,
809 2470 1016 2507 Einhardus
1041 2470 1323 2519 Aquisgranum‚
1351 2471 1485 2506 ibidem
1506 2470 1652 2506 hiema-

195 2527 306 2562 turus,
333 2532 517 2566 regressus
545 2526 609 2555 est.
659 2518 756 2555 Hinc
783 2521 834 2555 rei
862 2526 981 2566 gestae
1007 2520 1250 2555 narrationem
1267 2548 1275 2562 ,
1302 2519 1443 2568 qualem
1468 2519 1506 2553 in
1531 2529 1650 2554 anna—

195 2569 288 2604 libus
324 2575 359 2604 et
385 2569 421 2603 in
448 2569 690 2604 translationis
716 2568 866 2603 historia
900 2569 1073 2615 legiinuS,
1110 2570 1244 2615 optime
1271 2569 1364 2604 inter
1388 2579 1427 2604 se
1451 2565 1650 2602 cohaerere

195 2618 347 2664 quisque
377 2617 563 2663 intelligit;
602 2623 637 2652 et
662 2617 785 2651 mirari
813 2617 928 2660 subit,
962 2617 1087 2652 doctos
1123 2618 1158 2652 id
1195 2618 1291 2652 viros
1316 2617 1380 2665 qui
1404 2615 1552 2651 ann-tes
1576 2626 1651 2650 no-

193 2672 284 2700 stros
302 2665 487 2701 Einhardo
507 2665 813 2707 abiudicaverunt,
840 2678 917 2701 cam
939 2672 1075 2701 tantum
1098 2666 1144 2700 ob
1165 2677 1308 2701 causam
1330 2665 1456 2712 fugere
1477 2663 1649 2710 potuisse,

195 2715 289 2760 quod
317 2715 353 2749 in
381 2714 528 2750 historia
556 2713 799 2749 translationis
825 2715 902 2749 dies
934 2718 987 2753 17.
1016 2713 1184 2756 lanuarii,
1213 2715 1249 2749 in
1276 2712 1463 2749 annalibus
1488 2709 1652 2748 October

194 2764 326 2797 mensis
353 2763 598 2799 translationis
626 2762 761 2809 epocha
788 2762 944 2798 sistatur.
