1754 3120
87 697 341 776 Annales
387 728 721 775 Laurissenses
775 730 817 773 et
869 723 1105 771 Einhardi
1156 728 1297 771 tanta
1347 725 1544 771 invicem

88 807 325 867 affinitate
356 807 729 868 coniunquntur,
766 808 821 850 ut
854 802 910 849 de
936 804 1146 864 utrisque
1180 802 1440 865 disquisitio
1472 818 1543 850 se-

83 874 261 938 parari
305 875 520 935 nequeat.
607 871 796 933 Utrique
842 869 904 915 ab
950 884 1078 915 anno
1116 869 1209 915 741
1261 868 1330 915 ad
1364 883 1544 916 annum

87 954 236 1004 usque
277 938 376 988 829
418 939 714 1000 pertinqunt,
763 939 904 997 atque
941 934 1132 981 easdem
1166 935 1266 990 fere
1302 949 1403 997 res⁷
1438 950 1543 981 sen-

85 1007 344 1054 tentiarum
379 1003 546 1051 ordine
581 1019 676 1050 non
711 1002 908 1049 multum
945 1000 1147 1063 diverso,
1185 1004 1228 1047 et
1262 1002 1445 1047 maiore
1470 1002 1544 1048 sui

81 1075 239 1136 parte,
274 1070 448 1119 scilicet
475 1069 583 1117 inde
620 1069 681 1116 ab
717 1068 880 1115 ultimo
910 1069 1069 1114 octavi
1087 1066 1267 1118 saeculi
1302 1067 1541 1129 decennio,

86 1137 254 1187 iisdem
304 1136 449 1200 plane
504 1136 658 1183 verbis
703 1135 1031 1197 (paucissimis
1076 1137 1263 1181 tantum
1313 1135 1541 1195 exceptis)

86 1207 350 1265 enarrant5
384 1205 453 1250 ita
488 1207 542 1250 ut
573 1202 646 1250 vel
679 1202 857 1249 alteros
892 1217 949 1248 ex
984 1200 1170 1262 alteris,
1212 1199 1286 1246 vel
1318 1203 1543 1262 utrosque

87 1285 148 1320 ea·
179 1271 418 1319 communi
448 1271 578 1326 fonte
615 1267 905 1316 derivandos
950 1282 1050 1314 esse
1081 1270 1263 1327 pateat.
1332 1265 1542 1313 Annales

86 1337 448 1396 Laurissenses,
486 1337 565 1398 qui
595 1337 803 1397 primum
839 1349 870 1380 a
897 1334 1102 1394 Canisio,
1140 1331 1307 1378 deinde
1342 1347 1374 1378 a
1403 1331 1541 1379 Ches-

86 1403 168 1450 nio
210 1406 255 1449 et
299 1401 546 1463 Bouqueto
594 1401 727 1459 editi,
776 1400 867 1446 huc
911 1414 1058 1461 usque
1100 1397 1187 1444 sub
1232 1397 1540 1461 plebeiorum

87 1467 164 1516 vel
200 1467 586 1515 Loiselianorum
629 1464 945 1527 appellatione
978 1463 1225 1524 venibant,
1262 1478 1316 1509 eo
1353 1465 1540 1510 nomine

87 1534 395 1594 donavimus,
430 1531 560 1596 quod
586 1533 796 1593 primam
821 1530 979 1591 operis
1013 1530 1243 1591 oriyinem
1279 1528 1348 1576 ad
1370 1545 1539 1577 mona-

85 1601 280 1650 sterium
314 1597 724 1646 Laureshamense
758 1595 1061 1654 referendam
1096 1611 1218 1657 esse,
1255 1610 1352 1642 non
1385 1595 1540 1643 solum

86 1668 189 1723 eius
219 1681 327 1714 cum
362 1664 619 1713 annalibus
650 1662 1040 1711 Laurissensibus
1084 1661 1346 1708 minoribus
1382 1663 1539 1721 affini-

87 1737 192 1795 tas,
227 1731 314 1780 sed
346 1735 394 1778 et
423 1731 552 1795 quod
585 1732 962 1793 antiquissimum
990 1731 1088 1775 eius
1122 1728 1365 1790 exemplar
1398 1731 1447 1775 in
1483 1744 1538 1776 eo

86 1799 378 1847 monasterio
426 1800 663 1859 repertum
705 1798 789 1856 sit,
837 1795 968 1842 clare
1003 1794 1235 1842 ostendat.
1288 1795 1540 1842 Habentur

87 1866 138 1913 in
158 1866 262 1927 ipso
284 1877 431 1925 usque
458 1862 526 1909 ad
554 1877 732 1909 annum
755 1861 867 1923 788,
900 1875 1034 1922 quem
1053 1861 1261 1921 primum
1291 1864 1537 1907 auctorem

86 1945 183 1979 non
229 1929 482 1977 excessisse
518 1943 572 1974 eo
602 1931 830 1989 apparet,
879 1926 1008 1988 quod
1043 1925 1215 1987 duplex
1249 1925 1357 1972 inde
1391 1928 1539 1973 conti-

86 1997 272 2056 nuatio,
309 1994 465 2043 altera
500 2009 645 2057 quam
675 1997 722 2040 et
752 1994 800 2040 in
831 1991 1087 2039 annalibus
1117 1991 1538 2040 Laureshamensi-

85 2062 174 2111 bus
199 2061 352 2125 (Mon.
382 2061 536 2108 Germ.
566 2060 604 2122 I,
622 2077 671 2122 p.
701 2059 781 2109 34.
811 2059 913 2118 35.)
936 2057 1277 2120 deprehendas,
1315 2058 1377 2105 ab
1409 2074 1536 2106 anno

0 2157 3 2162 >
86 2127 352 2180 789—793
388 2129 436 2174 in
472 2127 634 2174 codice
669 2125 1080 2186 Laureshamensi,
1117 2124 1272 2171 altera
1309 2124 1371 2172 ab
1408 2141 1537 2173 anno

87 2194 186 2245 788
208 2193 276 2242 ad
295 2209 339 2240 a.
359 2194 458 2242 829
492 2195 541 2239 in
575 2192 765 2254 reliquis
798 2191 1035 2239 succedat.
1109 2190 1356 2253 Utriusque
1380 2194 1538 2252 partis

85 2262 214 2309 ratio
248 2259 388 2308 valde
422 2259 641 2318 diversa;
677 2273 791 2304 nam
827 2271 970 2320 quum
1002 2256 1154 2318 priori
1183 2256 1331 2317 stylus
1358 2258 1535 2303 incom-

82 2328 267 2391 positus
301 2330 345 2374 et
379 2325 511 2373 rudis
546 2329 687 2387 atque
721 2322 957 2372 scribendi
991 2338 1076 2369 ars
1107 2322 1253 2384 plane
1288 2322 1419 2369 nulla
1440 2323 1535 2384 ple-

87 2393 299 2442 beiorum
312 2391 421 2440 olim
434 2392 507 2439 vel
519 2392 802 2438 rusticorum
820 2389 1065 2437 annalium
1078 2403 1248 2436 nomen
1255 2391 1534 2452 pepererint,

89 2464 134 2508 et
162 2459 376 2507 veritatis
402 2457 634 2519 studium,
671 2459 718 2504 in
755 2457 894 2505 rebus
927 2456 1098 2503 saltem
1134 2455 1388 2503 Saxonicis
1415 2459 1536 2503 satis

84 2529 368 2588 suspectum,
403 2523 537 2572 haud
558 2525 795 2587 inteqram
818 2525 859 2570 ei
882 2522 1015 2586 apud
1040 2523 1168 2570 viros
1203 2522 1370 2569 doctos
1394 2522 1535 2580 fidem

86 2591 430 2653 conciliaverit,
490 2590 645 2638 altera
694 2594 890 2638 econtra
945 2589 1109 2636 eodem
1160 2604 1252 2651 quo
1301 2587 1535 2635 Einhardi

88 2658 290 2707 annales
323 2657 445 2719 stylo
482 2656 737 2720 eademque
773 2658 990 2719 opinione
1024 2655 1331 2703 nobilitatur.-
1367 2669 1533 2717 quam-

0 2756 6 2782 :
86 2725 158 2773 vis
197 2729 241 2772 et
271 2726 449 2787 prioris
484 2727 750 2784 auctorem,
797 2725 838 2771 si
881 2738 975 2771 non
1011 2722 1251 2782 omnibus,
1287 2721 1428 2768 rebus
1462 2725 1534 2769 ta-

1113 2802 1136 2827 ,κ
