1754 3120
231 158 295 207 24
639 160 940 211 EINHARDI
975 161 1263 212 ANNALES

231 296 344 330 cum
380 281 462 330 illo
498 297 653 346 usque
689 282 750 329 ad
788 291 1009 332 montem
1044 282 1124 348 qui
1146 282 1350 332 Suntal¹
1387 285 1678 351 appellatur,

230 347 279 396 in
315 348 452 396 cuius
475 347 847 412 septentrionali
884 350 1040 398 latere
1063 348 1316 399 Saxonum
1351 358 1512 400 castra
1539 358 1680 401 erant

231 414 410 479 posita,
446 421 791 478 pervenerunt.
846 416 900 464 ln
936 432 1031 481 quo
1068 415 1174 464 loco
1212 432 1324 464 cum
1348 414 1679 468 Theodericus

230 488 390 528 castra
411 480 673 544 posuisset,
709 482 819 546 ipsi,
857 484 983 531 sicut
1003 497 1114 530 cum
1151 498 1210 531 eo
1246 490 1576 548 convenerats
1618 500 1679 534 uo

231 546 422 595 facilius
458 553 679 596 montem
717 547 974 597 circumire
1003 556 1224 614 possent,
1260 550 1559 613 transgressi
1645 548 1682 598 i-

231 628 417 676 suram,
455 613 501 661 in
538 613 644 678 ipsa
664 612 882 663 fluminis
908 615 1014 680 ripa
1050 624 1211 664 castra
1246 622 1531 680 posuerunt.
1586 616 1682 666 Ha·

233 679 433 744 bitoque
471 679 599 728 inter
635 695 688 728 se
725 681 1012 744 conloquio,
1048 681 1191 728 veriti
1227 689 1364 744 sunt,
1402 697 1465 731 ne
1501 682 1563 732 ad
1597 697 1683 731 no-

230 761 346 794 men
393 745 681 794 Theoderici
726 746 958 795 victoriae
1007 747 1140 794 fama
1175 747 1434 812 transiret,
1479 748 1523 798 si
1567 764 1682 798 eum

230 812 277 859 in
315 811 493 859 eodem
530 812 719 878 proelio
767 829 936 861 secum
972 813 1225 861 haberent.
1300 812 1416 861 Ideo
1452 814 1558 863 sine
1593 815 1680 864 illo

234 893 347 925 cum
401 877 677 927 Saxonibus
730 879 964 943 congredi
1017 879 1313 943 decernunt,
1378 880 1684 946 sumptisque

230 943 409 1009 armis,
449 961 545 992 non
583 946 720 1010 quasi
756 946 818 994 ad
854 947 1050 994 hostem
1085 946 1133 993 in
1171 945 1274 993 acie
1311 952 1556 1011 stantem,
1592 947 1682 996 sed

229 1010 370 1124 quasi
427 1011 488 1058 ad
535 1012 827 1075 fugientium
882 1019 1022 1076 terga
1074 1011 1377 1077 insequenda
1428 1013 1684 1078 spoliaque

265 1077 529 1142 iripienda,
566 1087 711 1144 prout
746 1095 990 1144 quemque
1027 1079 1262 1127 velocitas
1298 1077 1412 1143 equi
1449 1079 1523 1127 sui
1559 1079 1683 1128 tule-

229 1151 322 1207 rat,
357 1160 451 1208 qua
483 1144 703 1194 Saxones
740 1163 832 1211 pro
867 1146 1041 1195 castris
1077 1145 1123 1193 in
1161 1146 1264 1193 acie
1285 1144 1498 1208 stabant,
1534 1161 1684 1194 unus-

230 1210 437 1275 quisque
473 1226 647 1259 eorum
683 1228 877 1261 summa
914 1211 1228 1261 festinatione
1257 1211 1520 1260 contendit.
1574 1212 1684 1271 Quo

230 1291 343 1324 cum
380 1285 514 1326 esset
549 1279 677 1326 male
701 1287 1020 1344 perventum,
1057 1279 1188 1326 male
1226 1277 1375 1326 etiam
1407 1285 1683 1343 pugnatum

230 1349 327 1405 est3
371 1358 488 1391 nam
524 1345 790 1393 commisso
828 1346 1017 1411 proelio
1054 1343 1375 1392 circumventi
1416 1359 1444 1390 a
1480 1342 1686 1392 Saxoni-

229 1407 338 1472 buS,
375 1425 533 1474 paene
569 1425 743 1459 omnes
778 1410 1023 1460 interfecti
1060 1418 1188 1459 sunt.
1248 1408 1342 1468 Qui
1372 1415 1539 1458 tamen
1571 1424 1686 1458 eva-

231 1474 350 1523 dere
397 1484 685 1541 potuerunt,
739 1494 836 1525 non
884 1478 932 1526 in
969 1493 1086 1541 sua,
1139 1475 1270 1524 unde
1308 1475 1517 1540 profecti
1553 1484 1685 1540 sunt,

230 1541 403 1589 sedin
428 1542 716 1591 Theoderici
749 1551 926 1608 castra,
963 1559 1087 1607 quae
1117 1549 1251 1589 trans
1272 1548 1493 1590 montem
1528 1550 1686 1607 erant,

230 1607 465 1671 fugiendo
510 1618 857 1674 pervenerunt.
941 1609 1040 1658 Sed
1088 1607 1245 1655 maior
1290 1607 1489 1656 Francis
1537 1623 1686 1673 quam

228 1690 318 1740 pro
354 1691 561 1723 numero
587 1675 771 1724 iactura
810 1675 917 1739 fuit,
954 1674 1067 1740 quia
1089 1675 1365 1738 legatorum
1389 1672 1504 1737 duo,
1539 1674 1684 1723 Adul-

229 1740 367 1803 gisus
403 1749 454 1790 et
489 1741 656 1806 Gei10,
694 1743 930 1791 comitum
962 1748 1209 1806 quattuor,
1246 1737 1552 1803 aliorumque
1589 1741 1686 1789 cla·

229 1822 398 1854 rorum
446 1814 591 1871 atque
638 1808 878 1856 nobilium
925 1822 1080 1872 usque
1120 1806 1181 1854 ad
1219 1804 1390 1868 viginti
1426 1805 1686 1869 interfecti,

228 1881 429 1938 praeter
464 1882 716 1937 caeteros,
764 1875 845 1940 qui
881 1874 973 1922 hos
1009 1871 1230 1938 sequuti,
1265 1871 1430 1936 potius
1464 1872 1687 1922 cumeis

228 1939 392 2004 perire
428 1956 575 2004 quam
612 1949 726 2005 post
760 1958 846 1989 eos
877 1941 1045 1987 vivere
1081 1939 1373 1986 maluerunt.
1443 1937 1593 1987 Cuius
1614 1939 1687 1987 rei

229 2005 456 2052 nuntium
487 2022 599 2054 cum
636 2022 720 2054 rex
757 2007 1047 2071 accepisset,
1083 2004 1200 2052 nihil
1228 2001 1319 2051 sibi
1357 2004 1686 2053 cunctandum

230 2070 526 2134 arbitratus,
573 2074 779 2121 collecto
827 2071 1120 2121 festinanter
1156 2068 1396 2132 exercitu,
1440 2069 1489 2117 in
1534 2070 1687 2120 Saxo-

230 2137 366 2185 niam
412 2137 767 2203 proficiscitur,
822 2139 1086 2203 accitisque
1121 2137 1195 2186 ad
1219 2151 1274 2184 se
1311 2135 1498 2184 cunctis
1533 2136 1687 2187 Saxo·

230 2219 348 2251 num
394 2204 716 2269 primoribus,
765 2205 826 2253 de
873 2204 1154 2253 auctoribus
1201 2203 1359 2250 factae
1396 2201 1688 2253 defectionis

230 2269 491 2334 inquisivit.
561 2271 621 2319 Et
656 2288 768 2320 cum
805 2287 979 2322 omnes
1015 2268 1366 2318 Widokindum
1401 2268 1546 2318 huius
1567 2286 1687 2319 fsce-

229 2336 349 2385 leris
397 2345 648 2386 auctorem
696 2339 1083 2404 proclamarent,
1138 2350 1251 2383 eum
1286 2341 1452 2381 tamen
1489 2335 1688 2385 tradere

230 2403 519 2468 nequirent,
569 2420 628 2451 eo
664 2405 793 2468 quod
828 2405 869 2452 is
905 2420 959 2451 re
997 2407 1278 2468 perpetrata
1315 2399 1375 2446 ad
1411 2400 1686 2451 Nordman-

230 2486 323 2518 nos
349 2485 403 2517 se
439 2471 730 2534 contulerat,
768 2477 1094 2532 caeterorum,
1131 2468 1212 2533 qui
1248 2466 1554 2531 persuasioni
1579 2469 1685 2518 eius

230 2551 423 2584 morem
458 2544 690 2600 gerentes
726 2544 917 2585 tantum
955 2538 1144 2584 facinus
1175 2541 1494 2599 peregerunt,
1528 2551 1685 2600 usque

232 2602 295 2651 ad
330 2610 562 2668 quattuor
597 2603 731 2651 milia
767 2603 1019 2668 quingenti
1070 2602 1262 2664 traditi,
1308 2606 1357 2648 et
1391 2615 1541 2666 super
1571 2602 1683 2651 Ala-

239 2685 268 2731 1)
293 2687 443 2733 Sauciet,
470 2687 608 2734 Stinlel,
637 2688 673 2723 iu
699 2688 973 2735 septentrionali
998 2686 1165 2723 Wiserae
1192 2685 1282 2732 ripa.
