1754 3120
240 202 306 251 54
649 200 949 249 EINHARDI
985 199 1273 249 ANNALES

244 321 466 384 tebatur,
502 338 614 369 curn
649 322 851 371 totidem
887 321 1045 369 aereis
1080 320 1275 386 pilulis,
1308 336 1433 385 quae
1467 320 1531 370 ad
1557 337 1691 371 eom·

243 389 514 463 pletionem
562 388 797 437 horarum
832 387 1147 452 decidebant,
1199 395 1248 435 et
1290 402 1407 436 casu
1452 403 1543 438 suo
1578 386 1693 436 sub·

243 462 425 503 iectum
459 453 554 502 sibi
588 455 852 504 cimbalum
888 454 1066 503 tinnire
1110 453 1379 517 faciebant,
1433 452 1617 504 additis
1644 454 1693 502 in

244 520 420 568 eodem
458 520 679 570 eiusdem
717 522 908 570 numeri
945 520 1214 586 equitibus,
1261 521 1342 585 qui
1388 535 1477 585 per
1511 519 1693 569 duode-

246 587 340 635 cim
376 588 621 637 fenestras
656 588 915 653 completis
948 587 1083 637 horis
1119 587 1371 651 exiebant,
1409 594 1460 635 et
1495 586 1694 653 inpulsu

245 654 545 717 egressionis
604 670 723 703 suae
776 655 985 702 totidem
1042 656 1310 717 fenestras,
1375 669 1501 717 quae
1559 652 1696 718 prius

245 727 388 768 erant
434 727 658 786 apertae,
705 719 1023 783 claudebant3
1070 734 1260 767 necnon
1307 725 1359 767 et
1400 719 1498 767 alia
1539 719 1695 770 multa

244 795 386 835 erant
433 787 480 833 in
535 787 643 851 ipso
697 786 986 850 horologio,
1051 801 1176 850 quae
1229 801 1358 833 nune
1403 790 1695 834 enumerare

245 853 448 915 longum
495 861 583 901 est.
676 854 893 902 Fuerunt
942 860 1200 917 praeterea
1261 852 1389 902 inter
1444 851 1695 917 praedicta

243 933 450 966 munera
486 920 779 968 candelabra
815 920 912 968 duo
949 936 1006 968 ex
1043 919 1284 967 auricalco
1321 917 1477 967 mirae
1505 917 1695 982 magni-

242 985 426 1033 tudinis
478 994 527 1034 et
577 987 912 1052 proceritatis,
969 1002 1095 1051 quae
1146 986 1311 1034 omnia
1362 986 1412 1033 in
1464 986 1696 1049 Aquense

243 1052 435 1116 palacio
493 1053 555 1100 ad
599 1053 951 1119 imperatorem
999 1054 1165 1101 delata
1210 1060 1336 1102 sunt.
1420 1052 1697 1116 Imperator

243 1118 463 1182 legatum
490 1127 538 1168 et
558 1121 828 1169 monachos
858 1136 947 1185 per
971 1120 1274 1184 aliquantum
1307 1126 1504 1184 tempus
1527 1132 1695 1166 secum

245 1185 489 1248 retinens,
536 1187 583 1233 in
621 1187 811 1233 ltaliam
848 1187 1046 1250 direxit,
1094 1195 1239 1250 atque
1275 1185 1341 1233 ibi
1376 1200 1463 1232 eos
1499 1189 1697 1249 tempus

244 1251 573 1314 navigationis
595 1259 856 1317 expectare
878 1253 1046 1315 iussit,
1082 1254 1357 1317 eodemque
1386 1267 1516 1299 anno
1548 1250 1696 1298 Burc-

243 1317 454 1365 hardum
507 1319 739 1367 comitem
787 1318 964 1367 stabuli
1018 1319 1093 1366 sui
1138 1319 1446 1367 cum-classe
1478 1317 1614 1366 misit
1648 1316 1697 1364 in

245 1384 524 1449 Corsicam,
570 1392 622 1433 ut
656 1401 767 1433 eam
804 1401 833 1433 a
869 1385 1081 1448 Mauris,
1125 1385 1203 1449 qui
1242 1382 1579 1449 superioribus
1613 1398 1698 1431 an·

245 1450 320 1498 nis
365 1450 481 1499 illuc
534 1452 827 1516 praedatum
870 1452 1039 1500 venire
1088 1458 1476 1512 consueverant,
1527 1449 1697 1498 defen-

245 1516 410 1578 deret,
457 1517 536 1581 qui
574 1518 706 1566 iuxta
742 1518 1152 1566 consuetudinem
1187 1534 1330 1567 suam
1365 1517 1428 1565 de
1461 1515 1699 1582 Hispania

245 1583 452 1647 egressi,
488 1583 648 1648 primo
685 1583 964 1632 Sardiniam
999 1584 1192 1648 adpulsi
1229 1590 1359 1646 sunt,
1395 1582 1562 1647 ibique
1584 1596 1698 1630 cum

245 1649 414 1698 Sardis
451 1651 638 1714 proelio
676 1651 966 1714 commisso,
1013 1658 1063 1698 et
1109 1650 1276 1698 multis
1311 1664 1514 1698 suorum
1549 1647 1697 1697 amis-

245 1716 313 1765 sis
350 1744 411 1751 —
449 1733 565 1766 nam
602 1717 696 1765 tria
731 1717 866 1765 milia
903 1717 969 1765 ibi
1006 1717 1242 1765 cecidisse
1277 1715 1599 1780 perhibentur
1631 1741 1699 1753 -—-

245 1782 294 1830 in
330 1783 579 1831 Corsicam
623 1791 757 1831 recto
807 1799 951 1831 cursu
988 1788 1335 1848 pervenerunt.
1412 1780 1485 1829 lbi
1519 1781 1699 1830 iterum

245 1849 294 1896 in
341 1849 555 1913 quodam
605 1858 747 1914 portu
793 1850 1017 1898 eiusdem
1051 1850 1241 1898 insulae
1277 1863 1390 1897 cum
1425 1848 1588 1900 classe,
1619 1846 1698 1896 cui

244 1915 557 1964 Burchardus
592 1925 842 1981 praeerat,
882 1916 1069 1982 proelio
1106 1916 1508 1978 decertaverunt,
1558 1913 1698 1962 victi·

245 1997 339 2046 que
387 1999 444 2030 ac
488 1984 645 2046 fugati
693 1991 831 2046 sunt,
885 1982 1081 2030 amissis
1128 1982 1368 2030 tredecim
1405 1979 1612 2029 navibus
1646 1987 1699 2029 et
1747 1987 1754 1991 ‘

244 2048 470 2113 plurimis
519 2066 723 2096 suorum
780 2048 1065 2097 interfectis.
1152 2048 1290 2097 Adeo
1335 2048 1420 2095 illo
1468 2062 1595 2094 anno
1647 2045 1697 2094 in

245 2114 473 2163 omnibus
509 2115 628 2163 locis
648 2116 855 2164 adversa
893 2117 1088 2163 fortuna
1124 2114 1316 2178 fatigati
1350 2120 1481 2176 sunt,
1516 2120 1571 2161 ut
1602 2111 1697 2178 ipsi
1747 2127 1754 2184 Ξ

245 2180 337 2229 sibi
374 2182 467 2229 hoc
501 2182 737 2230 accidisse
773 2182 940 2230 testati
977 2182 1090 2245 sint,
1127 2198 1186 2230 eo
1223 2180 1354 2246 quod
1387 2195 1515 2228 anno
1551 2194 1698 2244 supe-
1749 2186 1754 2224 Ξ

244 2247 375 2295 riore
411 2255 581 2295 contra
617 2264 815 2296 omnem
863 2248 1099 2297 iustitiam
1135 2248 1196 2296 de
1231 2243 1500 2296 Patelaria1
1535 2245 1699 2295 insula
1751 2267 1754 2290 ε

246 2314 503 2378 sexaginta
541 2316 811 2364 monachos
857 2322 1136 2380 asportatos
1171 2314 1221 2361 in
1256 2312 1491 2379 Hispania
1526 2311 1696 2360 vendi-

247 2381 453 2443 derunt,
491 2398 699 2444 quorum
736 2382 881 2445 aliqui
918 2397 1007 2446 per
1046 2380 1395 2429 liberalitatem
1430 2379 1696 2444 imperato-

246 2447 313 2495 ris
349 2447 527 2495 iterum
563 2447 622 2494 ad
661 2464 750 2496 sua
787 2449 892 2495 loca
929 2448 1116 2495 reversi
1145 2454 1272 2495 sunt.
1344 2445 1514 2495 Niceta
1548 2444 1697 2510 patri-

247 2513 375 2576 cius,
425 2514 504 2578 qui
553 2530 665 2562 cum
717 2516 876 2563 classe
913 2514 1455 2579 Constantinopolitana
1490 2511 1699 2560 sedebat

247 2580 297 2628 in
339 2580 568 2642 Venetia,
623 2597 743 2646 pace
789 2583 917 2630 facta
966 2597 1078 2628 cum
1114 2582 1316 2646 Pippino
1353 2595 1497 2644 rege,
1542 2577 1732 2628 etin»

248 2645 398 2695 dutiis
447 2663 602 2712 usque
666 2648 727 2695 ad
788 2664 1010 2697 mensem
1071 2649 1348 2711 Augustum
1403 2644 1697 2708 constitutis,

251 2728 281 2776 1)
309 2731 404 2766 inter
427 2729 587 2767 Siciliam
624 2737 660 2765 et
685 2729 843 2766 Africam
871 2732 950 2766 sita.

1742 2339 1754 2527 ῥεια-,Η-
