1754 3120
590 241 645 290 A.
683 239 957 290 772-774.
975 279 978 281 .
1442 240 1502 289 15

0 391 2 396 v
48 371 220 417 summ
244 363 518 413 adduxerat
537 360 735 425 divisit,
757 368 808 410 et
827 378 976 411 unam
1002 367 1195 427 partem
1216 376 1329 410 cum
1350 361 1501 410 Bern-

48 431 207 484 lurdo
253 438 430 497 patruo
475 445 565 477 suo
613 444 702 493 per
749 428 972 485 montem
1015 427 1176 492 loy-is}
1226 428 1300 477 ire
1333 428 1503 491 iussit3

48 499 261 549 alteram
290 497 403 562 ipse
436 493 637 555 ducens,
674 509 763 558 per
797 483 1280 543 montemffiinisium
1310 495 1503 545 ltaliam

50 561 532 627 §mimatendit
602 560 943 625 Superatoque
959 561 1158 625 Alpium
1194 562 1327 626 iugo⁷
1363 562 1502 612 Desi-

49 626 261 686 mr
274 643 453 692 regem
487 629 669 676 frustra
705 627 798 676 sibi
819 628 1053 676 resistere
1081 635 1344 676 conantem
1381 630 1503 679 citra

46 693 453 761 *saionem
490 694 704 758 fugavit,
741 693 1049 759 Ticenoque²
1083 694 1324 743 inclusum
1361 695 1501 744 obse-

46 762 222 827 ὅξξῖθῑ
248 761 307 812 'in
330 760 698 827 obpugnatione
734 761 959 825 civitatis,
998 761 1110 826 quia
1135 761 1351 810 difficilis
1379 771 1501 826 erat⁷

46 835 210 887 tulum
255 827 447 878 hiberni
496 827 736 893 temporis
778 829 1001 892 spacium
1051 829 1206 876 multa
1250 828 1501 878 moliendo

47 894 369 962 compsit.
1476 923 1477 926 =

147 962 262 1020 714.
313 961 443 1010 Dum
493 960 616 1009 haec
673 959 722 1008 in
776 960 916 1008 ltalia
962 968 1226 1024 geruntur7
1281 962 1503 1011 Saxones

48 1027 604 1094 *peroportunam
642 1027 702 1075 de
740 1027 961 1075 absentia
997 1027 1131 1091 regis
1166 1029 1325 1077 nancti
1363 1044 1502 1076 occa-

5 1106 11 1111 ·
46 1095 267 1159 omem,
300 1095 560 1158 contiguos
595 1093 688 1142 sibi
715 1094 986 1142 Hassorum
1021 1096 1262 1143 terminos
1299 1097 1430 1143 ferro
1455 1103 1503 1144 et

45 1161 173 1227 igni
202 1163 518 1228 populantur.
613 1162 833 1226 Cumque
884 1161 934 1209 in
984 1177 1043 1210 eo
1089 1163 1198 1210 loco
1243 1162 1324 1227 qui
1372 1179 1503 1210 nunc

46 1227 323 1288 Rn'deslu‘*
355 1228 417 1276 ab
452 1228 626 1277 incolis
662 1229 966 1290 nominatur,
1005 1228 1257 1277 basilicam
1293 1246 1321 1277 a
1358 1229 1502 1278 beato

46 1294 305 1346 Muto
337 1294 541 1344 martire
575 1295 853 1344 dedicatam
889 1296 1151 1343 incendere
1195 1296 1504 1361 molirentur,

49 1360 327 1427 atqueehoo
352 1361 552 1410 efficere
586 1378 727 1410 casso
758 1362 926 1410 labore
946 1369 1258 1426 conarentur,
1296 1363 1503 1412 inmisso

49 1427 144 1477 sibi
179 1427 412 1476 divinitus
446 1444 629 1492 pavore
666 1428 949 1491 subitaneo,
999 1429 1130 1494 turpi
1174 1429 1503 1494 trepidatione

49 1493 270 1558 confusi7'
326 1494 530 1543 domum
591 1495 824 1557 fugiendo
878 1502 1201 1543 revertuntur.
1289 1497 1354 1544 At
1397 1512 1502 1559 rex,

49 1560 254 1610 dimisso
277 1561 339 1608 ad
373 1559 680 1615 obsidionem
715 1568 862 1625 atque
898 1561 1314 1625 expugnationem
1335 1562 1502 1611 Ticeni

47 1626 296 1691 matu,
346 1626 518 1675 orandi
566 1627 727 1690 gratia
767 1628 975 1676 Romam
1019 1628 1358 1694 proficiscitur.
1442 1631 1503 1678 Et

49 1696 189 1757 cumss,
220 1693 434 1759 peractis
467 1693 624 1758 votis,
660 1694 775 1742 inde
811 1694 874 1742 ad
910 1696 1179 1744 exercitum
1214 1696 1390 1745 fuisset
1423 1713 1502 1745 re-

47 1774 242 1823 versus,
266 1759 535 1823 -fatigatam
570 1761 718 1823 longa
751 1760 1007 1809 obsidione
1042 1762 1289 1811 civitatem
1324 1763 1387 1811 ad
1420 1764 1504 1812 de-

49 1825 287 1875 ditionem
304 1826 564 1890 compulit3
600 1843 748 1890 quam
774 1834 1000 1875 caeterae
1026 1829 1251 1877 civitates
1285 1838 1501 1895 secutae,

50 1906 227 1942 omnes
272 1907 327 1940 se
374 1892 507 1955 regis
552 1908 610 1940 ac
654 1894 952 1941 Francorum
998 1895 1230 1958 potestati
1274 1895 1503 1944 subdide-

50 1965 179 2008 runt.
252 1957 327 2006 ‘Et
369 1973 482 2021 rex,
530 1959 731 2007 subacta
779 1968 829 2008 et
873 1976 963 2024 pro
1010 1968 1234 2026 tempore
1277 1962 1503 2012 ordinata

49 2024 218 2089 ltalia,
268 2023 327 2073 in?v
372 2024 627 2073 Franciam
672 2026 959 2089 revertitur⁷
1017 2028 1265 2092 captivum
1318 2029 1503 2079 ducens

48 2090 362 2141 Desideri'um
402 2107 590 2154 regern.
678 2094 803 2141 Nam
843 2093 1048 2156 Adalgis
1096 2094 1226 2143 filius
1273 2095 1407 2161 eius,
1453 2098 1502 2145 in

49 2175 147 2224 quo
190 2156 504 2221 Langobardi
549 2160 761 2208 multum
806 2160 912 2224 spei
960 2160 1141 2210 habere
1193 2162 1502 2227 videbantur⁷

51 2224 340 2290 dissperatis
374 2224 562 2288 patriae
596 2225 762 2287 rebus,
798 2226 967 2274 relicta
986 2226 1127 2274 Italia
1161 2227 1209 2274 in
1246 2229 1503 2278 Graeciam

50 2291 129 2356 ad·
159 2290 534 2341 Constantinum
576 2291 929 2357 imperatorem
972 2308 1027 2340 se
1062 2293 1296 2355 contulit,
1340 2295 1503 2361 ibique

44 2354 102 2408 in'
134 2356 413 2423 patritiatus
447 2357 619 2407 ordine
654 2367 800 2424 atque
835 2359 1024 2408 honore
1060 2362 1332 2410 consenuit.
1400 2363 1505 2415 Rex

48 2430 219 2474 autem
250 2423 455 2472 domum
489 2441 772 2490 regressuS‚
809 2427 1094 2491 priusquam
1130 2443 1243 2475 eum
1280 2428 1504 2479 Saxones

48 2489 247 2551 §senisse
294 2491 561 2553 sentirent,
609 2492 906 2559 tripertitum
953 2493 1002 2541 in
1055 2509 1226 2542 eorum
1274 2495 1504 2560 regiones

31 2581 38 2615 ·.
106 2556 117 2567 '
149 2555 488 2621 ltexercitum,
513 2558 594 2624 qui
611 2559 848 2609 incendiis
867 2576 924 2608 ac
946 2559 1306 2626 direptionibus
1329 2572 1505 2613 cuncta

31 2572 336 2764 'QQ
386 2626 720 2692 compluribus
755 2628 905 2676 etiam
940 2627 1216 2692 Saxonum,
1266 2630 1346 2694 qui
1383 2630 1503 2678 resi-

58 2720 92 2764 ι)

295 2724 498 2768 Pes-ninus,
536 2728 644 2764 modo
677 2739 779 2764 mons
806 2728 843 2769 S.
870 2727 1070 2765 Bernhardi
1096 2731 1222 2766 maior.
1321 2730 1355 2776 2)
1382 2729 1503 2770 Pavia.

55 2770 90 2815 3)
116 2768 272 2810 rumor.
