<?xml version="1.0" encoding="UTF-8"?>
<!DOCTYPE html PUBLIC "-//W3C//DTD XHTML 1.0 Transitional//EN"
    "http://www.w3.org/TR/xhtml1/DTD/xhtml1-transitional.dtd">
<html xmlns="http://www.w3.org/1999/xhtml" xml:lang="en" lang="en">
 <head>
  <title>
</title>
<meta http-equiv="Content-Type" content="text/html;charset=utf-8" />
  <meta name='ocr-system' content='tesseract 3.04.00' />
  <meta name='ocr-capabilities' content='ocr_page ocr_carea ocr_par ocr_line ocrx_word'/>
</head>
<body>
  <div class='ocr_page' id='page_1' title='image "./annaleseinhard00einhuoft_0095.png"; bbox 0 0 1754 3120; ppageno 0'>
   <div class='ocr_carea' id='block_1_1' title="bbox 680 283 1504 334">
    <p class='ocr_par' dir='ltr' id='par_1_1' title="bbox 680 283 1504 334">
     <span class='ocr_line' id='line_1_1' title="bbox 680 283 1504 334; baseline -0.001 -1"><span class='ocrx_word' id='word_1_1' title='bbox 680 286 731 333; x_wconf 81' lang='lat' dir='ltr'><strong>A.</strong></span> <span class='ocrx_word' id='word_1_2' title='bbox 768 283 880 333; x_wconf 84' lang='lat'><strong>821.</strong></span> <span class='ocrx_word' id='word_1_3' title='bbox 1444 287 1504 334; x_wconf 80' lang='lat'><strong>81</strong></span> 
     </span>
    </p>
   </div>
   <div class='ocr_carea' id='block_1_2' title="bbox 0 405 1509 2657">
    <p class='ocr_par' dir='ltr' id='par_1_2' title="bbox 122 405 1508 472">
     <span class='ocr_line' id='line_1_2' title="bbox 122 405 1508 472; baseline 0 -17"><span class='ocrx_word' id='word_1_4' title='bbox 122 405 135 417; x_wconf 79' lang='lat'>⁸</span> <span class='ocrx_word' id='word_1_5' title='bbox 205 421 232 455; x_wconf 89' lang='lat' dir='ltr'><strong>s</strong></span> <span class='ocrx_word' id='word_1_6' title='bbox 277 407 372 455; x_wconf 88' lang='lat' dir='ltr'><strong>boc</strong></span> <span class='ocrx_word' id='word_1_7' title='bbox 416 412 711 457; x_wconf 80' lang='lat' dir='ltr'><strong>tractaverat</strong></span> <span class='ocrx_word' id='word_1_8' title='bbox 755 406 1062 472; x_wconf 83' lang='lat' dir='ltr'><strong>suspicante,</strong></span> <span class='ocrx_word' id='word_1_9' title='bbox 1117 413 1324 455; x_wconf 90' lang='lat' dir='ltr'><strong>nanctus</strong></span> <span class='ocrx_word' id='word_1_10' title='bbox 1368 422 1508 455; x_wconf 91' lang='lat' dir='ltr'><strong>occa-</strong></span> 
     </span>
    </p>

    <p class='ocr_par' dir='ltr' id='par_1_3' title="bbox 40 471 1509 1068">
     <span class='ocr_line' id='line_1_3' title="bbox 59 471 1508 537; baseline -0.001 -15"><span class='ocrx_word' id='word_1_11' title='bbox 59 527 89 533; x_wconf 14' lang='lat'><strong>&amp;</strong></span> <span class='ocrx_word' id='word_1_12' title='bbox 145 484 149 486; x_wconf 75' lang='grc'>’</span> <span class='ocrx_word' id='word_1_13' title='bbox 279 473 413 522; x_wconf 73' lang='lat' dir='ltr'><strong>clarii</strong></span> <span class='ocrx_word' id='word_1_14' title='bbox 433 471 701 535; x_wconf 82' lang='lat' dir='ltr'><strong>navigavit,</strong></span> <span class='ocrx_word' id='word_1_15' title='bbox 737 473 1037 537; x_wconf 88' lang='lat' dir='ltr'><strong>veniensque</strong></span> <span class='ocrx_word' id='word_1_16' title='bbox 1060 472 1285 521; x_wconf 84' lang='lat' dir='ltr'><strong>iaderam</strong></span> <span class='ocrx_word' id='word_1_17' title='bbox 1310 473 1508 521; x_wconf 87' lang='lat' dir='ltr'><strong>Dalma-</strong></span> 
     </span>
     <span class='ocr_line' id='line_1_4' title="bbox 40 535 1509 602; baseline 0 -13"><span class='ocrx_word' id='word_1_18' title='bbox 40 535 161 590; x_wconf 53' lang='lat' dir='ltr'><strong>&#39;&#39;ehe</strong></span> <span class='ocrx_word' id='word_1_19' title='bbox 195 539 469 601; x_wconf 82' lang='lat' dir='ltr'><strong>civitatem,</strong></span> <span class='ocrx_word' id='word_1_20' title='bbox 512 538 715 585; x_wconf 85' lang='lat' dir='ltr'><strong>Iohanni</strong></span> <span class='ocrx_word' id='word_1_21' title='bbox 762 540 1014 601; x_wconf 86' lang='lat' dir='ltr'><strong>praefecto</strong></span> <span class='ocrx_word' id='word_1_22' title='bbox 1059 539 1341 602; x_wconf 84' lang='lat' dir='ltr'><strong>provinciae</strong></span> <span class='ocrx_word' id='word_1_23' title='bbox 1377 540 1509 589; x_wconf 90' lang='lat' dir='ltr'><strong>illius</strong></span> 
     </span>
     <span class='ocr_line' id='line_1_5' title="bbox 55 603 1507 673; baseline -0.001 -18"><span class='ocrx_word' id='word_1_24' title='bbox 55 605 369 673; x_wconf 60' lang='lat' dir='ltr'><strong>fug-eme</strong></span> <span class='ocrx_word' id='word_1_25' title='bbox 414 619 588 652; x_wconf 81' lang='lat' dir='ltr'><strong>causas</strong></span> <span class='ocrx_word' id='word_1_26' title='bbox 632 604 849 668; x_wconf 87' lang='lat' dir='ltr'><strong>aperuit,</strong></span> <span class='ocrx_word' id='word_1_27' title='bbox 902 603 984 667; x_wconf 89' lang='lat' dir='ltr'><strong>qui</strong></span> <span class='ocrx_word' id='word_1_28' title='bbox 1028 619 1144 651; x_wconf 90' lang='lat' dir='ltr'><strong>eum</strong></span> <span class='ocrx_word' id='word_1_29' title='bbox 1190 604 1358 652; x_wconf 88' lang='lat' dir='ltr'><strong>statim</strong></span> <span class='ocrx_word' id='word_1_30' title='bbox 1394 607 1507 654; x_wconf 91' lang='lat' dir='ltr'><strong>navi</strong></span> 
     </span>
     <span class='ocr_line' id='line_1_6' title="bbox 57 669 1509 735; baseline 0.001 -16"><span class='ocrx_word' id='word_1_31' title='bbox 57 671 104 725; x_wconf 18' lang='lat'><strong>&#39;⁷</strong></span> <span class='ocrx_word' id='word_1_32' title='bbox 218 670 340 733; x_wconf 83' lang='lat' dir='ltr'><strong>‘tum</strong></span> <span class='ocrx_word' id='word_1_33' title='bbox 382 670 859 735; x_wconf 86' lang='lat' dir='ltr'><strong>Constantinopolim</strong></span> <span class='ocrx_word' id='word_1_34' title='bbox 903 669 1049 718; x_wconf 90' lang='lat' dir='ltr'><strong>misit.</strong></span> <span class='ocrx_word' id='word_1_35' title='bbox 1136 670 1299 717; x_wconf 89' lang='lat' dir='ltr'><strong>Medio</strong></span> <span class='ocrx_word' id='word_1_36' title='bbox 1335 687 1509 720; x_wconf 88' lang='lat' dir='ltr'><strong>mense</strong></span> 
     </span>
     <span class='ocr_line' id='line_1_7' title="bbox 52 683 1508 801; baseline -0.002 -13"><span class='ocrx_word' id='word_1_37' title='bbox 52 683 290 796; x_wconf 59' lang='lat' dir='ltr'><strong>mdo</strong></span> <span class='ocrx_word' id='word_1_38' title='bbox 313 743 584 785; x_wconf 88' lang='lat' dir='ltr'><strong>conventus</strong></span> <span class='ocrx_word' id='word_1_39' title='bbox 604 736 852 800; x_wconf 84' lang='lat' dir='ltr'><strong>generalis</strong></span> <span class='ocrx_word' id='word_1_40' title='bbox 877 736 1008 801; x_wconf 87' lang='lat' dir='ltr'><strong>apud</strong></span> <span class='ocrx_word' id='word_1_41' title='bbox 1033 735 1314 785; x_wconf 85' lang='lat' dir='ltr'><strong>Theodonis</strong></span> <span class='ocrx_word' id='word_1_42' title='bbox 1339 738 1508 785; x_wconf 89' lang='lat' dir='ltr'><strong>villam</strong></span> 
     </span>
     <span class='ocr_line' id='line_1_8' title="bbox 54 802 1507 870; baseline -0.001 -17"><span class='ocrx_word' id='word_1_43' title='bbox 54 805 236 869; x_wconf 63' lang='lat' dir='ltr'><strong>inagna</strong></span> <span class='ocrx_word' id='word_1_44' title='bbox 271 803 439 870; x_wconf 88' lang='lat' dir='ltr'><strong>populi</strong></span> <span class='ocrx_word' id='word_1_45' title='bbox 474 803 774 851; x_wconf 81' lang='lat' dir='ltr'><strong>Francorum</strong></span> <span class='ocrx_word' id='word_1_46' title='bbox 810 803 1084 867; x_wconf 79' lang='lat' dir='ltr'><strong>frequentia</strong></span> <span class='ocrx_word' id='word_1_47' title='bbox 1121 802 1422 868; x_wconf 85' lang='lat' dir='ltr'><strong>celebratur,</strong></span> <span class='ocrx_word' id='word_1_48' title='bbox 1458 803 1507 851; x_wconf 92' lang='lat' dir='ltr'><strong>in</strong></span> 
     </span>
     <span class='ocr_line' id='line_1_9' title="bbox 40 869 1508 946; baseline -0.002 -26"><span class='ocrx_word' id='word_1_49' title='bbox 40 878 154 946; x_wconf 53' lang='lat' dir='ltr'><strong>quo</strong></span> <span class='ocrx_word' id='word_1_50' title='bbox 203 869 416 918; x_wconf 74' lang='lat' dir='ltr'><strong>domnus</strong></span> <span class='ocrx_word' id='word_1_51' title='bbox 452 869 762 932; x_wconf 86' lang='lat' dir='ltr'><strong>Hlotharius,</strong></span> <span class='ocrx_word' id='word_1_52' title='bbox 809 869 1169 934; x_wconf 85' lang='lat' dir='ltr'><strong>primogenitus</strong></span> <span class='ocrx_word' id='word_1_53' title='bbox 1216 869 1382 918; x_wconf 90' lang='lat' dir='ltr'><strong>domni</strong></span> <span class='ocrx_word' id='word_1_54' title='bbox 1418 872 1508 917; x_wconf 89' lang='lat' dir='ltr'><strong>im-</strong></span> 
     </span>
     <span class='ocr_line' id='line_1_10' title="bbox 54 935 1509 1003; baseline -0.002 -16"><span class='ocrx_word' id='word_1_55' title='bbox 54 935 299 1003; x_wconf 66' lang='lat' dir='ltr'><strong>peratoris</strong></span> <span class='ocrx_word' id='word_1_56' title='bbox 333 935 614 999; x_wconf 86' lang='lat' dir='ltr'><strong>Hludovici,</strong></span> <span class='ocrx_word' id='word_1_57' title='bbox 663 935 1054 999; x_wconf 86' lang='lat' dir='ltr'><strong>lrmingardam,</strong></span> <span class='ocrx_word' id='word_1_58' title='bbox 1100 936 1323 998; x_wconf 84' lang='lat' dir='ltr'><strong>Hugonis</strong></span> <span class='ocrx_word' id='word_1_59' title='bbox 1360 937 1509 984; x_wconf 89' lang='lat' dir='ltr'><strong>comi-</strong></span> 
     </span>
     <span class='ocr_line' id='line_1_11' title="bbox 55 1001 1509 1068; baseline -0.002 -15"><span class='ocrx_word' id='word_1_60' title='bbox 55 1001 122 1057; x_wconf 68' lang='lat' dir='ltr'><strong>fin</strong></span> <span class='ocrx_word' id='word_1_61' title='bbox 154 1001 326 1068; x_wconf 76' lang='lat' dir='ltr'><strong>filium,</strong></span> <span class='ocrx_word' id='word_1_62' title='bbox 358 1003 569 1050; x_wconf 84' lang='lat' dir='ltr'><strong>solemni</strong></span> <span class='ocrx_word' id='word_1_63' title='bbox 593 1018 733 1049; x_wconf 90' lang='lat' dir='ltr'><strong>more</strong></span> <span class='ocrx_word' id='word_1_64' title='bbox 757 1002 894 1050; x_wconf 86' lang='lat' dir='ltr'><strong>duxit</strong></span> <span class='ocrx_word' id='word_1_65' title='bbox 928 1018 1147 1050; x_wconf 87' lang='lat' dir='ltr'><strong>uxorem.</strong></span> <span class='ocrx_word' id='word_1_66' title='bbox 1199 1002 1325 1050; x_wconf 92' lang='lat' dir='ltr'><strong>llluc</strong></span> <span class='ocrx_word' id='word_1_67' title='bbox 1359 1004 1509 1051; x_wconf 90' lang='lat' dir='ltr'><strong>etiam</strong></span> 
     </span>
    </p>

    <p class='ocr_par' dir='ltr' id='par_1_4' title="bbox 52 1067 1509 1253">
     <span class='ocr_line' id='line_1_12' title="bbox 88 1067 1509 1134; baseline -0.001 -16"><span class='ocrx_word' id='word_1_68' title='bbox 88 1071 94 1133; x_wconf 31' lang='grc' dir='ltr'>Ἰ</span> <span class='ocrx_word' id='word_1_69' title='bbox 174 1067 211 1118; x_wconf 80' lang='lat' dir='ltr'><strong>ti</strong></span> <span class='ocrx_word' id='word_1_70' title='bbox 246 1076 447 1118; x_wconf 87' lang='lat' dir='ltr'><strong>sanctae</strong></span> <span class='ocrx_word' id='word_1_71' title='bbox 482 1069 734 1116; x_wconf 88' lang='lat' dir='ltr'><strong>Romanae</strong></span> <span class='ocrx_word' id='word_1_72' title='bbox 771 1069 1038 1129; x_wconf 90' lang='lat' dir='ltr'><strong>ecclesiae,</strong></span> <span class='ocrx_word' id='word_1_73' title='bbox 1086 1068 1376 1129; x_wconf 86' lang='lat' dir='ltr'><strong>Theodorus</strong></span> <span class='ocrx_word' id='word_1_74' title='bbox 1413 1070 1509 1134; x_wconf 90' lang='lat' dir='ltr'><strong>pri-</strong></span> 
     </span>
     <span class='ocr_line' id='line_1_13' title="bbox 54 1133 1509 1200; baseline -0.002 -15"><span class='ocrx_word' id='word_1_75' title='bbox 54 1134 287 1185; x_wconf 76' lang='lat' dir='ltr'><strong>moerius</strong></span> <span class='ocrx_word' id='word_1_76' title='bbox 321 1149 380 1183; x_wconf 85' lang='lat' dir='ltr'><strong>ac</strong></span> <span class='ocrx_word' id='word_1_77' title='bbox 413 1135 586 1183; x_wconf 88' lang='lat' dir='ltr'><strong>Florus</strong></span> <span class='ocrx_word' id='word_1_78' title='bbox 622 1135 865 1200; x_wconf 87' lang='lat' dir='ltr'><strong>superista</strong></span> <span class='ocrx_word' id='word_1_79' title='bbox 879 1133 913 1198; x_wconf 82' lang='lat'><strong>1,</strong></span> <span class='ocrx_word' id='word_1_80' title='bbox 950 1151 1061 1182; x_wconf 90' lang='lat' dir='ltr'><strong>cum</strong></span> <span class='ocrx_word' id='word_1_81' title='bbox 1097 1135 1292 1198; x_wconf 80' lang='lat' dir='ltr'><strong>magnis</strong></span> <span class='ocrx_word' id='word_1_82' title='bbox 1328 1151 1509 1183; x_wconf 89' lang='lat' dir='ltr'><strong>venere</strong></span> 
     </span>
     <span class='ocr_line' id='line_1_14' title="bbox 52 1200 1509 1253; baseline -0.003 0"><span class='ocrx_word' id='word_1_83' title='bbox 52 1200 359 1253; x_wconf 74' lang='lat' dir='ltr'><strong>muneribus.</strong></span> <span class='ocrx_word' id='word_1_84' title='bbox 435 1202 711 1250; x_wconf 86' lang='lat' dir='ltr'><strong>Adfuerunt</strong></span> <span class='ocrx_word' id='word_1_85' title='bbox 758 1210 808 1250; x_wconf 92' lang='lat' dir='ltr'><strong>et</strong></span> <span class='ocrx_word' id='word_1_86' title='bbox 852 1202 1058 1250; x_wconf 89' lang='lat' dir='ltr'><strong>comites</strong></span> <span class='ocrx_word' id='word_1_87' title='bbox 1098 1201 1146 1248; x_wconf 91' lang='lat' dir='ltr'><strong>in</strong></span> <span class='ocrx_word' id='word_1_88' title='bbox 1183 1202 1360 1249; x_wconf 89' lang='lat' dir='ltr'><strong>eodem</strong></span> <span class='ocrx_word' id='word_1_89' title='bbox 1396 1218 1509 1249; x_wconf 90' lang='lat' dir='ltr'><strong>con·</strong></span> 
     </span>
    </p>

    <p class='ocr_par' dir='ltr' id='par_1_5' title="bbox 0 1265 1509 1927">
     <span class='ocr_line' id='line_1_15' title="bbox 0 1265 1508 1332; baseline -0.001 -16"><span class='ocrx_word' id='word_1_90' title='bbox 0 1265 1 1268; x_wconf 58' lang='grc'>’</span> <span class='ocrx_word' id='word_1_91' title='bbox 53 1273 207 1316; x_wconf 73' lang='lat' dir='ltr'><strong>mtu</strong></span> <span class='ocrx_word' id='word_1_92' title='bbox 254 1268 356 1316; x_wconf 81' lang='lat' dir='ltr'><strong>iam</strong></span> <span class='ocrx_word' id='word_1_93' title='bbox 389 1267 452 1315; x_wconf 90' lang='lat' dir='ltr'><strong>de</strong></span> <span class='ocrx_word' id='word_1_94' title='bbox 486 1269 735 1316; x_wconf 89' lang='lat' dir='ltr'><strong>Pannonia</strong></span> <span class='ocrx_word' id='word_1_95' title='bbox 773 1268 1013 1331; x_wconf 83' lang='lat' dir='ltr'><strong>regressi,</strong></span> <span class='ocrx_word' id='word_1_96' title='bbox 1061 1267 1171 1330; x_wconf 89' lang='lat' dir='ltr'><strong>qui,</strong></span> <span class='ocrx_word' id='word_1_97' title='bbox 1208 1268 1508 1332; x_wconf 87' lang='lat' dir='ltr'><strong>depopulata</strong></span> 
     </span>
     <span class='ocr_line' id='line_1_16' title="bbox 56 1331 1509 1383; baseline -0.001 0"><span class='ocrx_word' id='word_1_98' title='bbox 56 1331 368 1383; x_wconf 64' lang='lat' dir='ltr'><strong>desertorum</strong></span> <span class='ocrx_word' id='word_1_99' title='bbox 421 1341 471 1382; x_wconf 89' lang='lat' dir='ltr'><strong>et</strong></span> <span class='ocrx_word' id='word_1_100' title='bbox 520 1334 788 1382; x_wconf 86' lang='lat' dir='ltr'><strong>Liudewito</strong></span> <span class='ocrx_word' id='word_1_101' title='bbox 851 1334 1224 1382; x_wconf 87' lang='lat' dir='ltr'><strong>adhaerentium</strong></span> <span class='ocrx_word' id='word_1_102' title='bbox 1279 1334 1509 1382; x_wconf 89' lang='lat' dir='ltr'><strong>universa</strong></span> 
     </span>
     <span class='ocr_line' id='line_1_17' title="bbox 35 1399 1508 1465; baseline 0.001 -17"><span class='ocrx_word' id='word_1_103' title='bbox 35 1399 285 1464; x_wconf 76' lang='lat' dir='ltr'><strong>·regione,</strong></span> <span class='ocrx_word' id='word_1_104' title='bbox 322 1416 434 1448; x_wconf 91' lang='lat' dir='ltr'><strong>cum</strong></span> <span class='ocrx_word' id='word_1_105' title='bbox 471 1401 635 1449; x_wconf 88' lang='lat' dir='ltr'><strong>nullus</strong></span> <span class='ocrx_word' id='word_1_106' title='bbox 670 1401 741 1448; x_wconf 85' lang='lat' dir='ltr'><strong>eis</strong></span> <span class='ocrx_word' id='word_1_107' title='bbox 778 1401 969 1465; x_wconf 88' lang='lat' dir='ltr'><strong>copiam</strong></span> <span class='ocrx_word' id='word_1_108' title='bbox 1006 1400 1255 1465; x_wconf 84' lang='lat' dir='ltr'><strong>pugnandi</strong></span> <span class='ocrx_word' id='word_1_109' title='bbox 1292 1400 1508 1464; x_wconf 73' lang='lat' dir='ltr'><strong>fecisset,</strong></span> 
     </span>
     <span class='ocr_line' id='line_1_18' title="bbox 57 1465 1508 1531; baseline 0.001 -17"><span class='ocrx_word' id='word_1_110' title='bbox 57 1465 262 1515; x_wconf 81' lang='lat' dir='ltr'><strong>domum</strong></span> <span class='ocrx_word' id='word_1_111' title='bbox 295 1467 511 1530; x_wconf 82' lang='lat' dir='ltr'><strong>regressi</strong></span> <span class='ocrx_word' id='word_1_112' title='bbox 547 1475 675 1515; x_wconf 89' lang='lat' dir='ltr'><strong>sunt.</strong></span> <span class='ocrx_word' id='word_1_113' title='bbox 728 1467 945 1515; x_wconf 86' lang='lat' dir='ltr'><strong>Eminuit</strong></span> <span class='ocrx_word' id='word_1_114' title='bbox 979 1467 1026 1513; x_wconf 88' lang='lat' dir='ltr'><strong>in</strong></span> <span class='ocrx_word' id='word_1_115' title='bbox 1064 1467 1157 1514; x_wconf 85' lang='lat' dir='ltr'><strong>hoc</strong></span> <span class='ocrx_word' id='word_1_116' title='bbox 1191 1467 1368 1531; x_wconf 89' lang='lat' dir='ltr'><strong>placito</strong></span> <span class='ocrx_word' id='word_1_117' title='bbox 1394 1467 1508 1531; x_wconf 89' lang='lat' dir='ltr'><strong>piis-</strong></span> 
     </span>
     <span class='ocr_line' id='line_1_19' title="bbox 55 1532 1507 1598; baseline -0.001 -17.036"><span class='ocrx_word' id='word_1_118' title='bbox 55 1532 169 1581; x_wconf 84' lang='lat' dir='ltr'><strong>simi</strong></span> <span class='ocrx_word' id='word_1_119' title='bbox 230 1532 544 1598; x_wconf 87' lang='lat' dir='ltr'><strong>imperatoris</strong></span> <span class='ocrx_word' id='word_1_120' title='bbox 606 1533 942 1581; x_wconf 87' lang='lat' dir='ltr'><strong>misericordia</strong></span> <span class='ocrx_word' id='word_1_121' title='bbox 1004 1532 1298 1595; x_wconf 85' lang='lat' dir='ltr'><strong>singularis,</strong></span> <span class='ocrx_word' id='word_1_122' title='bbox 1360 1549 1507 1597; x_wconf 87' lang='lat' dir='ltr'><strong>quam</strong></span> 
     </span>
     <span class='ocr_line' id='line_1_20' title="bbox 23 1598 1507 1665; baseline 0 -18"><span class='ocrx_word' id='word_1_123' title='bbox 23 1612 25 1614; x_wconf 82' lang='grc'><strong><em>·</em></strong></span> <span class='ocrx_word' id='word_1_124' title='bbox 55 1598 272 1648; x_wconf 84' lang='lat' dir='ltr'><strong>ostendit</strong></span> <span class='ocrx_word' id='word_1_125' title='bbox 307 1616 458 1665; x_wconf 85' lang='lat' dir='ltr'><strong>super</strong></span> <span class='ocrx_word' id='word_1_126' title='bbox 492 1615 595 1662; x_wconf 89' lang='lat' dir='ltr'><strong>eos,</strong></span> <span class='ocrx_word' id='word_1_127' title='bbox 633 1600 713 1663; x_wconf 90' lang='lat' dir='ltr'><strong>qui</strong></span> <span class='ocrx_word' id='word_1_128' title='bbox 749 1615 862 1646; x_wconf 89' lang='lat' dir='ltr'><strong>cum</strong></span> <span class='ocrx_word' id='word_1_129' title='bbox 883 1598 1170 1646; x_wconf 87' lang='lat' dir='ltr'><strong>Bernhardo</strong></span> <span class='ocrx_word' id='word_1_130' title='bbox 1202 1606 1381 1662; x_wconf 86' lang='lat' dir='ltr'><strong>nepote</strong></span> <span class='ocrx_word' id='word_1_131' title='bbox 1417 1616 1507 1647; x_wconf 89' lang='lat' dir='ltr'><strong>suo</strong></span> 
     </span>
     <span class='ocr_line' id='line_1_21' title="bbox 54 1664 1507 1730; baseline 0 -17"><span class='ocrx_word' id='word_1_132' title='bbox 54 1664 107 1714; x_wconf 87' lang='lat' dir='ltr'><strong>in</strong></span> <span class='ocrx_word' id='word_1_133' title='bbox 139 1665 279 1715; x_wconf 79' lang='lat' dir='ltr'><strong>ltalia</strong></span> <span class='ocrx_word' id='word_1_134' title='bbox 313 1674 484 1715; x_wconf 90' lang='lat' dir='ltr'><strong>contra</strong></span> <span class='ocrx_word' id='word_1_135' title='bbox 518 1673 663 1730; x_wconf 89' lang='lat' dir='ltr'><strong>caput</strong></span> <span class='ocrx_word' id='word_1_136' title='bbox 699 1682 755 1712; x_wconf 89' lang='lat' dir='ltr'><strong>ac</strong></span> <span class='ocrx_word' id='word_1_137' title='bbox 790 1681 999 1728; x_wconf 82' lang='lat' dir='ltr'><strong>regnum</strong></span> <span class='ocrx_word' id='word_1_138' title='bbox 1042 1681 1185 1712; x_wconf 92' lang='lat' dir='ltr'><strong>suum</strong></span> <span class='ocrx_word' id='word_1_139' title='bbox 1221 1666 1507 1713; x_wconf 88' lang='lat' dir='ltr'><strong>coniurave-</strong></span> 
     </span>
     <span class='ocr_line' id='line_1_22' title="bbox 54 1730 1506 1797; baseline -0.001 -16"><span class='ocrx_word' id='word_1_140' title='bbox 54 1739 191 1796; x_wconf 78' lang='lat' dir='ltr'><strong>runt,</strong></span> <span class='ocrx_word' id='word_1_141' title='bbox 227 1731 405 1797; x_wconf 89' lang='lat' dir='ltr'><strong>quibus</strong></span> <span class='ocrx_word' id='word_1_142' title='bbox 438 1731 506 1778; x_wconf 91' lang='lat' dir='ltr'><strong>ibi</strong></span> <span class='ocrx_word' id='word_1_143' title='bbox 542 1731 602 1778; x_wconf 89' lang='lat' dir='ltr'><strong>ad</strong></span> <span class='ocrx_word' id='word_1_144' title='bbox 638 1731 973 1796; x_wconf 87' lang='lat' dir='ltr'><strong>praesentiam</strong></span> <span class='ocrx_word' id='word_1_145' title='bbox 1005 1731 1171 1779; x_wconf 88' lang='lat' dir='ltr'><strong>venire</strong></span> <span class='ocrx_word' id='word_1_146' title='bbox 1208 1730 1372 1794; x_wconf 89' lang='lat' dir='ltr'><strong>iussis,</strong></span> <span class='ocrx_word' id='word_1_147' title='bbox 1410 1749 1506 1780; x_wconf 89' lang='lat' dir='ltr'><strong>non</strong></span> 
     </span>
     <span class='ocr_line' id='line_1_23' title="bbox 27 1797 1506 1860; baseline 0 -14"><span class='ocrx_word' id='word_1_148' title='bbox 27 1797 219 1846; x_wconf 35' lang='lat' dir='ltr'><strong>*solum</strong></span> <span class='ocrx_word' id='word_1_149' title='bbox 266 1797 416 1846; x_wconf 90' lang='lat' dir='ltr'><strong>vitam</strong></span> <span class='ocrx_word' id='word_1_150' title='bbox 465 1804 516 1843; x_wconf 90' lang='lat' dir='ltr'><strong>et</strong></span> <span class='ocrx_word' id='word_1_151' title='bbox 559 1797 783 1844; x_wconf 90' lang='lat' dir='ltr'><strong>membra</strong></span> <span class='ocrx_word' id='word_1_152' title='bbox 829 1797 1099 1860; x_wconf 76' lang='lat' dir='ltr'><strong>concessit,</strong></span> <span class='ocrx_word' id='word_1_153' title='bbox 1148 1813 1318 1844; x_wconf 90' lang='lat' dir='ltr'><strong>verum</strong></span> <span class='ocrx_word' id='word_1_154' title='bbox 1356 1798 1506 1846; x_wconf 89' lang='lat' dir='ltr'><strong>etiam</strong></span> 
     </span>
     <span class='ocr_line' id='line_1_24' title="bbox 89 1862 1507 1927; baseline 0 -15"><span class='ocrx_word' id='word_1_155' title='bbox 89 1863 399 1913; x_wconf 87' lang='lat' dir='ltr'><strong>ossessiones</strong></span> <span class='ocrx_word' id='word_1_156' title='bbox 421 1862 598 1910; x_wconf 89' lang='lat' dir='ltr'><strong>iudicio</strong></span> <span class='ocrx_word' id='word_1_157' title='bbox 622 1863 747 1925; x_wconf 84' lang='lat' dir='ltr'><strong>legis</strong></span> <span class='ocrx_word' id='word_1_158' title='bbox 782 1862 831 1909; x_wconf 94' lang='lat' dir='ltr'><strong>in</strong></span> <span class='ocrx_word' id='word_1_159' title='bbox 868 1862 1042 1911; x_wconf 85' lang='lat' dir='ltr'><strong>fiscum</strong></span> <span class='ocrx_word' id='word_1_160' title='bbox 1078 1863 1303 1912; x_wconf 89' lang='lat' dir='ltr'><strong>redactas</strong></span> <span class='ocrx_word' id='word_1_161' title='bbox 1327 1880 1507 1927; x_wconf 85' lang='lat' dir='ltr'><strong>magna</strong></span> 
     </span>
    </p>

    <p class='ocr_par' dir='ltr' id='par_1_6' title="bbox 0 1928 1508 2657">
     <span class='ocr_line' id='line_1_25' title="bbox 0 1928 1508 1997; baseline 0 -19"><span class='ocrx_word' id='word_1_162' title='bbox 0 1958 6 1997; x_wconf 74' lang='lat' dir='ltr'><strong>i</strong></span> <span class='ocrx_word' id='word_1_163' title='bbox 77 1929 352 1979; x_wconf 76' lang='lat' dir='ltr'><strong>&#39;beralitate</strong></span> <span class='ocrx_word' id='word_1_164' title='bbox 387 1929 612 1977; x_wconf 86' lang='lat' dir='ltr'><strong>restituit.</strong></span> <span class='ocrx_word' id='word_1_165' title='bbox 666 1928 997 1976; x_wconf 85' lang='lat' dir='ltr'><strong>Adalhardum</strong></span> <span class='ocrx_word' id='word_1_166' title='bbox 1034 1945 1228 1993; x_wconf 90' lang='lat' dir='ltr'><strong>quoque</strong></span> <span class='ocrx_word' id='word_1_167' title='bbox 1264 1930 1327 1977; x_wconf 91' lang='lat' dir='ltr'><strong>de</strong></span> <span class='ocrx_word' id='word_1_168' title='bbox 1359 1931 1508 1995; x_wconf 84' lang='lat' dir='ltr'><strong>Aqui-</strong></span> 
     </span>
     <span class='ocr_line' id='line_1_26' title="bbox 54 1994 1508 2061; baseline 0 -16"><span class='ocrx_word' id='word_1_169' title='bbox 54 1995 216 2061; x_wconf 69' lang='lat' dir='ltr'><strong>tanin,</strong></span> <span class='ocrx_word' id='word_1_170' title='bbox 270 1996 351 2044; x_wconf 87' lang='lat' dir='ltr'><strong>ubi</strong></span> <span class='ocrx_word' id='word_1_171' title='bbox 395 1994 646 2057; x_wconf 81' lang='lat' dir='ltr'><strong>exulabat,</strong></span> <span class='ocrx_word' id='word_1_172' title='bbox 704 2003 994 2057; x_wconf 90' lang='lat' dir='ltr'><strong>evocatum,</strong></span> <span class='ocrx_word' id='word_1_173' title='bbox 1049 1995 1287 2044; x_wconf 88' lang='lat' dir='ltr'><strong>Corbeiae</strong></span> <span class='ocrx_word' id='word_1_174' title='bbox 1338 2013 1508 2045; x_wconf 87' lang='lat' dir='ltr'><strong>mona-</strong></span> 
     </span>
     <span class='ocr_line' id='line_1_27' title="bbox 53 2060 1508 2127; baseline -0.001 -15"><span class='ocrx_word' id='word_1_175' title='bbox 53 2062 232 2124; x_wconf 73' lang='lat' dir='ltr'><strong>sterio,</strong></span> <span class='ocrx_word' id='word_1_176' title='bbox 275 2069 331 2111; x_wconf 89' lang='lat' dir='ltr'><strong>ut</strong></span> <span class='ocrx_word' id='word_1_177' title='bbox 366 2061 499 2127; x_wconf 84' lang='lat' dir='ltr'><strong>prius</strong></span> <span class='ocrx_word' id='word_1_178' title='bbox 536 2062 722 2124; x_wconf 86' lang='lat' dir='ltr'><strong>fuerat,</strong></span> <span class='ocrx_word' id='word_1_179' title='bbox 758 2060 988 2110; x_wconf 87' lang='lat' dir='ltr'><strong>abbatem</strong></span> <span class='ocrx_word' id='word_1_180' title='bbox 1025 2078 1082 2109; x_wconf 82' lang='lat' dir='ltr'><strong>ae</strong></span> <span class='ocrx_word' id='word_1_181' title='bbox 1117 2070 1360 2110; x_wconf 89' lang='lat' dir='ltr'><strong>rectorem</strong></span> <span class='ocrx_word' id='word_1_182' title='bbox 1397 2079 1508 2111; x_wconf 88' lang='lat' dir='ltr'><strong>esse</strong></span> 
     </span>
     <span class='ocr_line' id='line_1_28' title="bbox 55 2127 1507 2191; baseline 0.001 -15"><span class='ocrx_word' id='word_1_183' title='bbox 55 2129 223 2191; x_wconf 82' lang='lat' dir='ltr'><strong>iussit,</strong></span> <span class='ocrx_word' id='word_1_184' title='bbox 266 2144 381 2176; x_wconf 89' lang='lat' dir='ltr'><strong>cum</strong></span> <span class='ocrx_word' id='word_1_185' title='bbox 428 2144 523 2191; x_wconf 89' lang='lat' dir='ltr'><strong>quo</strong></span> <span class='ocrx_word' id='word_1_186' title='bbox 560 2134 610 2174; x_wconf 90' lang='lat' dir='ltr'><strong>et</strong></span> <span class='ocrx_word' id='word_1_187' title='bbox 644 2127 994 2190; x_wconf 86' lang='lat' dir='ltr'><strong>Bernharium,</strong></span> <span class='ocrx_word' id='word_1_188' title='bbox 1040 2129 1244 2176; x_wconf 83' lang='lat' dir='ltr'><strong>fratrem</strong></span> <span class='ocrx_word' id='word_1_189' title='bbox 1291 2129 1397 2177; x_wconf 89' lang='lat' dir='ltr'><strong>eius</strong></span> <span class='ocrx_word' id='word_1_190' title='bbox 1433 2146 1507 2177; x_wconf 85' lang='lat' dir='ltr'><strong>re-</strong></span> 
     </span>
     <span class='ocr_line' id='line_1_29' title="bbox 57 2193 1506 2260; baseline 0 -17"><span class='ocrx_word' id='word_1_191' title='bbox 57 2194 369 2243; x_wconf 82' lang='lat' dir='ltr'><strong>conciliatum</strong></span> <span class='ocrx_word' id='word_1_192' title='bbox 404 2193 566 2241; x_wconf 89' lang='lat' dir='ltr'><strong>eidem</strong></span> <span class='ocrx_word' id='word_1_193' title='bbox 603 2195 900 2241; x_wconf 85' lang='lat' dir='ltr'><strong>monasterio</strong></span> <span class='ocrx_word' id='word_1_194' title='bbox 938 2193 1174 2255; x_wconf 72' lang='lat' dir='ltr'><strong>reddidit3</strong></span> <span class='ocrx_word' id='word_1_195' title='bbox 1227 2196 1506 2260; x_wconf 86' lang='lat' dir='ltr'><strong>completis-</strong></span> 
     </span>
     <span class='ocr_line' id='line_1_30' title="bbox 0 2258 1507 2326; baseline 0.001 -17"><span class='ocrx_word' id='word_1_196' title='bbox 0 2306 1 2309; x_wconf 65' lang='lat'><strong>,</strong></span> <span class='ocrx_word' id='word_1_197' title='bbox 54 2276 154 2326; x_wconf 83' lang='lat' dir='ltr'><strong>que</strong></span> <span class='ocrx_word' id='word_1_198' title='bbox 200 2259 280 2309; x_wconf 87' lang='lat' dir='ltr'><strong>bis</strong></span> <span class='ocrx_word' id='word_1_199' title='bbox 325 2275 452 2326; x_wconf 88' lang='lat' dir='ltr'><strong>quae</strong></span> <span class='ocrx_word' id='word_1_200' title='bbox 488 2259 550 2306; x_wconf 93' lang='lat' dir='ltr'><strong>ob</strong></span> <span class='ocrx_word' id='word_1_201' title='bbox 588 2258 726 2322; x_wconf 80' lang='lat' dir='ltr'><strong>regni</strong></span> <span class='ocrx_word' id='word_1_202' title='bbox 765 2259 1026 2308; x_wconf 88' lang='lat' dir='ltr'><strong>utilitatem</strong></span> <span class='ocrx_word' id='word_1_203' title='bbox 1063 2259 1408 2322; x_wconf 84' lang='lat' dir='ltr'><strong>inchoaverat,</strong></span> <span class='ocrx_word' id='word_1_204' title='bbox 1458 2270 1507 2310; x_wconf 90' lang='lat' dir='ltr'><strong>et</strong></span> 
     </span>
     <span class='ocr_line' id='line_1_31' title="bbox 56 2326 1506 2392; baseline -0.001 -16"><span class='ocrx_word' id='word_1_205' title='bbox 56 2332 368 2377; x_wconf 71' lang='lat' dir='ltr'><strong>sacramento</strong></span> <span class='ocrx_word' id='word_1_206' title='bbox 413 2326 542 2391; x_wconf 89' lang='lat' dir='ltr'><strong>quod</strong></span> <span class='ocrx_word' id='word_1_207' title='bbox 587 2326 716 2391; x_wconf 89' lang='lat' dir='ltr'><strong>apud</strong></span> <span class='ocrx_word' id='word_1_208' title='bbox 754 2326 1113 2390; x_wconf 82' lang='lat' dir='ltr'><strong>Noviomagum</strong></span> <span class='ocrx_word' id='word_1_209' title='bbox 1149 2343 1263 2392; x_wconf 84' lang='lat' dir='ltr'><strong>pars</strong></span> <span class='ocrx_word' id='word_1_210' title='bbox 1300 2328 1506 2391; x_wconf 89' lang='lat' dir='ltr'><strong>optima·</strong></span> 
     </span>
     <span class='ocr_line' id='line_1_32' title="bbox 55 2392 1507 2459; baseline 0 -17"><span class='ocrx_word' id='word_1_211' title='bbox 55 2400 164 2442; x_wconf 72' lang='lat' dir='ltr'><strong>tam</strong></span> <span class='ocrx_word' id='word_1_212' title='bbox 197 2393 444 2442; x_wconf 81' lang='lat' dir='ltr'><strong>iuraverat</strong></span> <span class='ocrx_word' id='word_1_213' title='bbox 467 2392 767 2456; x_wconf 81' lang='lat' dir='ltr'><strong>generaliter</strong></span> <span class='ocrx_word' id='word_1_214' title='bbox 796 2400 1156 2456; x_wconf 87' lang='lat' dir='ltr'><strong>consummato,</strong></span> <span class='ocrx_word' id='word_1_215' title='bbox 1191 2394 1298 2458; x_wconf 90' lang='lat' dir='ltr'><strong>ipse</strong></span> <span class='ocrx_word' id='word_1_216' title='bbox 1321 2395 1507 2459; x_wconf 83' lang='lat' dir='ltr'><strong>Aquas·</strong></span> 
     </span>
     <span class='ocr_line' id='line_1_33' title="bbox 150 2458 1507 2525; baseline 0 -17"><span class='ocrx_word' id='word_1_217' title='bbox 150 2458 199 2508; x_wconf 89' lang='lat' dir='ltr'><strong>ni</strong></span> <span class='ocrx_word' id='word_1_218' title='bbox 251 2459 542 2522; x_wconf 85' lang='lat' dir='ltr'><strong>revertitur,</strong></span> <span class='ocrx_word' id='word_1_219' title='bbox 606 2458 761 2506; x_wconf 83' lang='lat' dir='ltr'><strong>filium</strong></span> <span class='ocrx_word' id='word_1_220' title='bbox 813 2468 979 2508; x_wconf 89' lang='lat' dir='ltr'><strong>autem</strong></span> <span class='ocrx_word' id='word_1_221' title='bbox 1034 2460 1343 2508; x_wconf 89' lang='lat' dir='ltr'><strong>Hlotharium</strong></span> <span class='ocrx_word' id='word_1_222' title='bbox 1395 2469 1507 2525; x_wconf 83' lang='lat' dir='ltr'><strong>post</strong></span> 
     </span>
     <span class='ocr_line' id='line_1_34' title="bbox 52 2524 1504 2591; baseline 0 -17"><span class='ocrx_word' id='word_1_223' title='bbox 52 2524 253 2591; x_wconf 72' lang='lat' dir='ltr'><strong>nuptias</strong></span> <span class='ocrx_word' id='word_1_224' title='bbox 276 2526 370 2574; x_wconf 90' lang='lat' dir='ltr'><strong>ritu</strong></span> <span class='ocrx_word' id='word_1_225' title='bbox 389 2524 597 2574; x_wconf 89' lang='lat' dir='ltr'><strong>solemni</strong></span> <span class='ocrx_word' id='word_1_226' title='bbox 634 2525 907 2575; x_wconf 88' lang='lat' dir='ltr'><strong>celebratas</strong></span> <span class='ocrx_word' id='word_1_227' title='bbox 938 2526 998 2574; x_wconf 90' lang='lat' dir='ltr'><strong>ad</strong></span> <span class='ocrx_word' id='word_1_228' title='bbox 1024 2526 1342 2574; x_wconf 88' lang='lat' dir='ltr'><strong>hiemandum</strong></span> <span class='ocrx_word' id='word_1_229' title='bbox 1368 2527 1504 2574; x_wconf 91' lang='lat' dir='ltr'><strong>Wor-</strong></span> 
     </span>
     <span class='ocr_line' id='line_1_35' title="bbox 140 2590 1505 2657; baseline -0.001 -17"><span class='ocrx_word' id='word_1_230' title='bbox 140 2591 266 2640; x_wconf 81' lang='lat' dir='ltr'><strong>ciam</strong></span> <span class='ocrx_word' id='word_1_231' title='bbox 314 2591 460 2641; x_wconf 86' lang='lat' dir='ltr'><strong>misit.</strong></span> <span class='ocrx_word' id='word_1_232' title='bbox 546 2590 616 2639; x_wconf 88' lang='lat' dir='ltr'><strong>De</strong></span> <span class='ocrx_word' id='word_1_233' title='bbox 662 2600 800 2657; x_wconf 87' lang='lat' dir='ltr'><strong>parte</strong></span> <span class='ocrx_word' id='word_1_234' title='bbox 845 2593 1096 2640; x_wconf 89' lang='lat' dir='ltr'><strong>Danorum</strong></span> <span class='ocrx_word' id='word_1_235' title='bbox 1142 2593 1306 2641; x_wconf 86' lang='lat' dir='ltr'><strong>omnia</strong></span> <span class='ocrx_word' id='word_1_236' title='bbox 1343 2594 1505 2656; x_wconf 88' lang='lat' dir='ltr'><strong>quieta</strong></span> 
     </span>
    </p>
   </div>
   <div class='ocr_carea' id='block_1_3' title="bbox 56 2659 1504 2719">
    <p class='ocr_par' dir='ltr' id='par_1_7' title="bbox 56 2659 1504 2719">
     <span class='ocr_line' id='line_1_36' title="bbox 56 2659 1504 2719; baseline -0.001 -12"><span class='ocrx_word' id='word_1_237' title='bbox 56 2672 119 2707; x_wconf 77' lang='lat' dir='ltr'><strong>eo</strong></span> <span class='ocrx_word' id='word_1_238' title='bbox 154 2673 281 2707; x_wconf 78' lang='lat' dir='ltr'><strong>anno</strong></span> <span class='ocrx_word' id='word_1_239' title='bbox 318 2659 543 2719; x_wconf 81' lang='lat' dir='ltr'><strong>fuerunt,</strong></span> <span class='ocrx_word' id='word_1_240' title='bbox 580 2665 629 2706; x_wconf 90' lang='lat' dir='ltr'><strong>et</strong></span> <span class='ocrx_word' id='word_1_241' title='bbox 664 2659 927 2708; x_wconf 83' lang='lat' dir='ltr'><strong>Harioldus</strong></span> <span class='ocrx_word' id='word_1_242' title='bbox 963 2676 991 2707; x_wconf 89' lang='lat' dir='ltr'><strong>a</strong></span> <span class='ocrx_word' id='word_1_243' title='bbox 1029 2659 1141 2707; x_wconf 79' lang='lat' dir='ltr'><strong>filiis</strong></span> <span class='ocrx_word' id='word_1_244' title='bbox 1168 2659 1420 2707; x_wconf 81' lang='lat' dir='ltr'><strong>Godofridi</strong></span> <span class='ocrx_word' id='word_1_245' title='bbox 1458 2659 1504 2705; x_wconf 91' lang='lat' dir='ltr'><strong>in</strong></span> 
     </span>
    </p>
   </div>
   <div class='ocr_carea' id='block_1_4' title="bbox 0 1994 61 3003">
    <p class='ocr_par' dir='ltr' id='par_1_8' title="bbox 0 1994 61 3003">
     <span class='ocr_line' id='line_1_37' title="bbox 0 1994 46 2293; baseline 0 0"><span class='ocrx_word' id='word_1_246' title='bbox 0 1994 46 2293; x_wconf 95' lang='lat' dir='ltr'><strong>    </strong></span> 
     </span>
     <span class='ocr_line' id='line_1_38' title="bbox 0 2293 55 2492; baseline 0 -3"><span class='ocrx_word' id='word_1_247' title='bbox 0 2293 55 2492; x_wconf 95' lang='lat' dir='ltr'><strong>   </strong></span> 
     </span>
     <span class='ocr_line' id='line_1_39' title="bbox 9 2492 56 2801; baseline 0 -162"><span class='ocrx_word' id='word_1_248' title='bbox 9 2492 56 2801; x_wconf 95' lang='lat' dir='ltr'><strong>   </strong></span> 
     </span>
     <span class='ocr_line' id='line_1_40' title="bbox 19 2801 61 3003; baseline 0 -152"><span class='ocrx_word' id='word_1_249' title='bbox 19 2801 61 3003; x_wconf 95' lang='lat' dir='ltr'><strong>   </strong></span> 
     </span>
    </p>
   </div>
   <div class='ocr_carea' id='block_1_5' title="bbox 43 2751 1506 2925">
    <p class='ocr_par' dir='ltr' id='par_1_9' title="bbox 43 2751 1506 2925">
     <span class='ocr_line' id='line_1_41' title="bbox 43 2751 1506 2827; baseline -0.001 -22"><span class='ocrx_word' id='word_1_250' title='bbox 43 2751 92 2816; x_wconf 92' lang='grc'><strong>1)</strong></span> <span class='ocrx_word' id='word_1_251' title='bbox 115 2771 292 2827; x_wconf 61' lang='lat' dir='ltr'><strong>superista</strong></span> <span class='ocrx_word' id='word_1_252' title='bbox 330 2772 475 2819; x_wconf 79' lang='lat' dir='ltr'><strong>proprie</strong></span> <span class='ocrx_word' id='word_1_253' title='bbox 510 2770 692 2806; x_wconf 79' lang='lat' dir='ltr'><strong>aedituus:</strong></span> <span class='ocrx_word' id='word_1_254' title='bbox 730 2771 822 2805; x_wconf 84' lang='lat' dir='ltr'><strong>inter</strong></span> <span class='ocrx_word' id='word_1_255' title='bbox 857 2772 1061 2817; x_wconf 74' lang='lat' dir='ltr'><strong>pontificiae</strong></span> <span class='ocrx_word' id='word_1_256' title='bbox 1097 2773 1199 2806; x_wconf 75' lang='lat' dir='ltr'><strong>aulae</strong></span> <span class='ocrx_word' id='word_1_257' title='bbox 1226 2771 1343 2804; x_wconf 80' lang='lat' dir='ltr'><strong>officia</strong></span> <span class='ocrx_word' id='word_1_258' title='bbox 1372 2771 1506 2817; x_wconf 69' lang='lat' dir='ltr'><strong>pluries</strong></span> 
     </span>
     <span class='ocr_line' id='line_1_42' title="bbox 51 2824 224 2855; baseline -0.006 0"><span class='ocrx_word' id='word_1_259' title='bbox 51 2824 224 2855; x_wconf 72' lang='lat' dir='ltr'><strong>occurrit.</strong></span> 
     </span>
     <span class='ocr_line' id='line_1_43' title="bbox 1094 2881 1125 2925; baseline 0 -1"><span class='ocrx_word' id='word_1_260' title='bbox 1094 2881 1125 2925; x_wconf 82' lang='lat'>6</span> 
     </span>
    </p>
   </div>
  </div>
 </body>
</html>
