1754 3120
315 177 380 227 30
726 176 1026 226 EINHARDI
1060 178 1351 227 ANNALES

312 313 368 348 se
404 298 466 347 de
502 297 594 344 hoc
616 297 815 360 negotio
842 297 973 346 aliud
996 298 1230 362 facturoS,
1265 314 1413 363 quam
1440 307 1493 350 ut
1519 315 1754 367 responsa

311 366 446 429 regis
482 371 630 427 atque
652 364 897 427 pontificis
918 365 1117 413 domino
1142 380 1232 413 suo
1260 373 1581 430 reportarent.
1629 367 1754 427 Quo·

312 448 423 479 rum
458 429 623 478 verbis
658 446 786 495 papa
808 439 1103 495 commotus,
1137 432 1274 480 velut
1304 432 1507 483 fallaces
1538 447 1597 483 ac
1629 434 1754 483 frau-

311 499 539 546 dulentos
589 498 917 547 anathematis
958 498 1124 562 gladio
1170 498 1340 548 statuit
1391 498 1673 565 feriendos,
1719 501 1754 549 si

312 563 373 612 ab
409 564 530 612 olim
564 563 670 627 regi
706 564 950 629 promissa
987 564 1085 613 fide
1119 565 1460 629 discederent,
1497 565 1754 632 atqnerjta,

312 631 492 680 infecto
543 630 677 694 pacis
723 633 948 694 negotio,
998 632 1186 679 reversi
1232 638 1361 680 sunt.
1438 632 1545 681 Rex
1578 638 1754 697 autem,

311 697 529 746 adoratis
563 702 847 744 sanctorum
880 697 1219 760 apostolorum
1252 697 1502 748 liminibus
1535 699 1754 765 votisque

312 765 517 826 solutis,
552 762 825 827 apostolica
859 761 1201 811 benedictione
1237 772 1495 830 percepta,
1530 765 1582 815 in
1613 765 1754 815 Fran·

312 832 441 879 ciam
474 844 707 878 reversus
743 836 831 878 est.
910 829 973 877 Et
1006 845 1118 878 cum
1154 845 1360 878 uxorem
1393 846 1536 880 suam
1569 832 1754 882 Fastra-

310 897 427 945 dam
461 894 688 960 filiosque
725 911 782 944 ac
806 894 933 945 filias
969 902 1020 944 et
1045 911 1248 944 omnem
1275 897 1582 963 comitatum,
1617 914 1754 963 quem

311 963 444 1029 apud
479 978 565 1011 eos
601 961 881 1026 dimiserat,
934 962 1246 1012 Wormaciae
1280 963 1578 1029 invenisset,
1613 980 1754 1029 gene·

309 1031 469 1079 ralem
504 1029 674 1095 populi
702 1029 777 1078 sui
816 1038 1113 1079 conventum
1147 1029 1214 1077 ibi
1250 1029 1434 1079 habere
1469 1032 1655 1081 statuit.
1710 1031 1754 1079 It

311 1114 408 1162 quo
451 1112 564 1144 cum
609 1096 798 1160 omnia,
847 1112 971 1161 quae
1017 1097 1067 1144 in
1113 1096 1254 1144 ltalia
1287 1104 1543 1162 gesserat,
1595 1112 1754 1146 coram

311 1163 632 1229 optimatibus
679 1163 781 1211 suis
819 1163 1064 1211 narrando
1101 1171 1570 1227 commemorasset,
1616 1171 1668 1212 et
1702 1163 1754 1212 ad

312 1238 589 1279 extremum
624 1229 686 1277 de
721 1230 900 1292 legatis
935 1229 1232 1292 Tassilonis,
1270 1230 1351 1294 qui
1387 1230 1452 1280 ad
1486 1245 1543 1279 se
1576 1229 1754 1279 Romae

311 1304 575 1359 venerant,
623 1296 806 1344 mentio
843 1297 974 1343 facta
1009 1296 1213 1359 fuisset,
1261 1296 1368 1345 iniit
1415 1295 1676 1346 consilium
1712 1303 1754 1344 ui

311 1362 635 1429 experiretur,
672 1362 787 1427 quid
807 1362 998 1411 Tassilo
1035 1362 1097 1410 de
1131 1363 1378 1426 promissa
1399 1362 1493 1410 sibi
1527 1361 1754 1411 fidelitate

314 1431 474 1478 facere
509 1429 676 1489 vellet,
713 1436 1115 1493 congregatoque
1151 1428 1340 1492 ingenti
1366 1428 1584 1479 exercitu
1618 1436 1754 1493 atque

312 1496 362 1546 in
398 1504 500 1545 tres
535 1502 702 1560 partes
738 1495 921 1558 diviso,
969 1495 1245 1543 Baioariam
1293 1503 1464 1561 petere
1499 1494 1754 1554 constituit

311 1564 533 1627 Cumque
560 1561 819 1627 Pippinum
855 1561 1012 1608 filium
1047 1577 1158 1608 cum
1181 1561 1363 1611 Italicis
1391 1562 1545 1627 copiis
1579 1561 1629 1610 in
1649 1562 1754 1611 Tres

313 1629 566 1678 dentinam
613 1629 796 1676 vallem
838 1625 1010 1675 venire
1045 1627 1298 1690 iussisset,
1347 1627 1611 1677 orientales
1646 1644 1754 1692 quoq

311 1711 408 1761 que
442 1695 614 1744 Franci
650 1710 707 1742 ac
725 1695 972 1758 Saxones,
1009 1701 1061 1742 ut
1094 1693 1216 1742 iussi
1253 1695 1472 1759 fuerant,
1507 1693 1581 1742 ad.
1602 1693 1754 1743 Danu·

311 1762 449 1810 bium
492 1762 542 1809 in
586 1763 695 1810 loco
740 1760 822 1825 qui
867 1758 1128 1823 Pferinga1
1173 1768 1379 1809 vocatur
1420 1759 1754 1827 accessissent,

311 1830 420 1894 ipse
473 1844 586 1876 cum
635 1828 851 1876 exercitu
906 1842 1054 1892 quem
1107 1842 1277 1874 secum
1328 1826 1561 1889 duxerat,
1617 1840 1754 1892 supe!

311 1894 531 1944 Lechum
566 1893 789 1958 fluvium,
825 1893 907 1958 qui
941 1893 1243 1942 Alamannos
1277 1900 1329 1942 et
1362 1892 1616 1942 Baioarios
1650 1892 1754 1941 diri·

312 1961 421 2024 mit,
457 1961 507 2009 in
527 1961 781 2024 Augustae
817 1959 1028 2007 civitatis
1063 1958 1345 2007 suburbano
1372 1957 1614 2021 consedit,
1650 1958 1754 2008 ind«

310 2027 591 2076 Baioariam
626 2043 739 2075 cum
773 2034 878 2074 tam
911 2025 1075 2073 valida
1110 2041 1260 2072 manu
1295 2026 1467 2090 procul
1497 2024 1646 2074 dubio
1681 2039 1754 2090 pq

313 2095 519 2155 titurus,
562 2092 656 2142 nisi
692 2091 881 2141 Tassilo
926 2091 1018 2140 sibi
1061 2107 1119 2139 ac
1154 2092 1335 2157 populo
1371 2106 1462 2140 suo
1497 2091 1562 2140 ad
1591 2102 1754 2155 regen

312 2160 558 2209 veniendo
594 2161 886 2208 consuleret.
966 2159 1090 2206 Nam
1126 2158 1301 2206 videns
1335 2173 1391 2206 se
1426 2157 1641 2223 undique
1676 2158 1754 2206 cin

313 2241 652 2290 cumsessum,
704 2226 841 2274 venit
897 2225 1131 2290 supplex,
1182 2241 1241 2273 ae
1290 2224 1488 2273 veniam
1534 2224 1599 2273 de
1651 2229 1754 2275 ant!

313 2294 470 2358 gestis
504 2293 598 2342 sibi
635 2292 745 2341 dari
776 2293 1067 2356 deprecatus
1104 2299 1195 2340 est.
1266 2290 1366 2340 Sed
1402 2298 1454 2339 et
1488 2306 1605 2354 rex,
1642 2290 1754 2356 sicui

314 2368 423 2409 erat
456 2368 632 2409 natura
666 2359 987 2422 mitissimus,
1025 2357 1234 2422 supplici
1269 2372 1327 2405 ac
1362 2356 1648 2423 deprecanti
1681 2371 1754 2422 pe·

313 2426 488 2492 percit,
525 2426 834 2490 acceptisque
861 2424 922 2472 ab
959 2440 1018 2473 eo
1053 2431 1253 2489 praeter
1274 2423 1432 2472 filium
1469 2423 1576 2472 eius
1610 2423 1754 2475 Theo

313 2493 496 2542 donem
532 2492 664 2556 aliis,
715 2495 837 2556 quos
872 2491 979 2556 ipse
1013 2490 1301 2556 imperavit,
1338 2489 1599 2540 duodecim
1635 2489 1754 2541 obsi

313 2559 483 2622 dibus,
537 2566 588 2608 et
631 2559 815 2624 populo
861 2565 1024 2606 terrae
1070 2574 1161 2623 per
1207 2560 1518 2607 sacramenta
1550 2551 1754 2605 firmati.

310 2627 363 2675 in
380 2626 635 2675 Franciam
670 2641 900 2674 reversus
937 2632 1026 2673 est.
1079 2625 1141 2674 Et
1175 2625 1226 2674 in
1257 2623 1538 2675 suburbano
1560 2623 1754 2687 Mogok

315 2707 347 2755 1)
371 2706 533 2756 Phor-ing
564 2719 630 2745 seu
653 2705 806 2754 Psoring
829 2707 923 2743 infra
953 2705 1165 2754 Ingolstadt.
1738 2709 1745 2738 t
