1754 3120
231 181 294 233 32
642 179 940 230 ElNHARDl
978 181 1264 233 ANNALES

229 301 491 351 multitudo
540 316 712 348 eorum
761 317 927 364 caesa,
983 301 1122 350 multi
1166 302 1315 352 etiam
1349 319 1410 353 ex
1444 306 1543 371 eis,
1588 306 1675 373 qui

227 385 317 434 per
353 370 524 430 fugam
569 366 781 416 evadere
817 367 1003 430 conati,
1046 366 1324 418 Danubium
1356 376 1555 424 tranare
1588 389 1675 422 vo·

228 437 447 496 luerunt,
483 433 761 497 gurgitibus
796 433 1013 483 fluminis
1049 434 1264 483 absorbti
1290 443 1415 485 sunt.
1463 437 1675 493 latmea

227 499 576 550 Constantinus
606 501 876 565 imperator
910 508 1112 567 propter
1146 509 1380 566 negatam
1415 502 1510 554 sibi
1535 506 1674 570 mgis

226 568 379 616 liliam
414 566 595 630 iratuS,
631 567 942 617 Theodorum
980 567 1266 633 patricium,
1301 568 1499 618 Siciliae
1533 585 1676 636 prae·

228 636 438 696 fectum,
474 649 586 682 cum
622 633 730 681 aliis
766 633 971 681 ducibus
1007 634 1109 683 suis
1144 634 1269 683 fines
1305 634 1676 687 Beneventano-

225 717 336 749 rum
385 708 581 748 vastare
627 699 781 747 iussit.
864 700 959 758 Qui
1003 715 1115 747 cum
1156 699 1675 769 imperataiexseque·

226 775 422 830 rentur,
467 765 776 827 GrimolduS,
821 765 903 829 qui
943 765 1286 814 eodemfanno
1313 775 1676 833 postmortem

224 834 376 899 patris
412 832 508 879 dux
544 830 904 880 Beneventanis
940 847 967 880 a
1003 847 1122 895 rege
1158 833 1302 882 datus
1337 841 1439 896 est,
1489 835 1675 885 et-Hil-

224 899 510 963 dibrandus,
545 898 644 946 dux
669 898 1042 963 spolitinorum,
1076 914 1191 948 cum
1225 899 1379 965 copiis
1415 910 1538 966 quas
1560 916 1675 951 oon·

225 981 437 1031 gregare
490 972 775 1030 potuerunt,
840 964 889 1012 in
941 964 1168 1015 Calabria
1216 965 1287 1014 eis
1339 974 1674 1032 occurrerunt,

224 1032 464 1085 habentes
521 1047 691 1080 secum
742 1032 965 1095 legatum
1016 1031 1149 1095 regis
1208 1032 1533 1097 winigisum,
1590 1033 1674 1100 qui

224 1105 399 1165 postea
446 1099 495 1146 in
542 1098 722 1147 ducatu
771 1098 1013 1163 Spolitino
1062 1098 1383 1148 Hildibrando
1418 1100 1671 1150 successit.

225 1166 602 1230 commissoque
649 1165 864 1230 proelio,
912 1165 1205 1214 inmodicam
1249 1181 1311 1214 ex
1346 1165 1419 1215 eis
1452 1166 1673 1216 multitu·

225 1233 392 1280 dinem
434 1232 737 1295 ceciderunt,
797 1248 855 1280 ac
900 1231 1005 1280 sine
1051 1248 1140 1280 suo
1189 1248 1491 1298 suorumque
1532 1233 1673 1298 gravi

222 1298 480 1364 dispendio
527 1299 736 1347 victores
786 1298 924 1360 facti,
976 1314 1214 1361 magnum
1258 1299 1566 1364 captivorum
1615 1315 1674 1349 ac

223 1366 495 1431 spoliorum
529 1380 788 1411 numerum
825 1364 874 1412 in
910 1379 997 1412 sua
1034 1372 1192 1415 castra
1227 1365 1518 1416 retulerunt.
1570 1364 1689 1415 Rex-

223 1440 387 1481 autem
425 1431 471 1478 in
508 1431 783 1479 Baioariam
819 1431 1088 1496 profectus,
1126 1430 1337 1479 eandem
1370 1430 1674 1497 provinciam

223 1515 340 1547 cum.
370 1498 471 1546 suis
506 1497 728 1546 terminis
764 1497 1007 1546 ordinavit
1041 1505 1187 1561 atque
1223 1498 1492 1563 disposuit,
1525 1505 1676 1564 atque

223 1565 336 1614 inde
388 1579 676 1628 regressus,
743 1563 790 1610 in
834 1564 1126 1627 Aquisgrani
1178 1564 1362 1628 palatio
1413 1579 1538 1628 sun,
1592 1563 1674 1612 ubi

223 1632 557 1694 hiemaverat,
605 1638 655 1679 et
699 1629 831 1677 diem
865 1629 1061 1678 Domini
1113 1629 1395 1678 natalicium
1429 1637 1672 1680 sanetum-

222 1715 315 1764 que
350 1698 535 1763 pascha
570 1712 708 1746 more
746 1696 956 1745 solemni
992 1695 1271 1745 celebravit.
1559 1741 1562 1745 .

323 1764 435 1815 789.
483 1764 625 1813 Natio
671 1763 911 1827 quaedam
959 1763 1314 1811 Sclavenorum
1358 1768 1436 1811 est
1468 1761 1517 1809 in
1552 1761 1672 1811 Ger-

222 1832 415 1894 mania,
468 1830 647 1878 se'dens
695 1845 846 1894 super
898 1828 1012 1877 litus
1056 1829 1254 1890 oceani,
1306 1827 1672 1894 quae'propria

225 1899 395 1962 lingua
439 1895 710 1959 Welatabi,
762 1895 993 1944 Francica
1030 1902 1196 1942 autem
1242 1894 1408 1942 Wiltzi
1443 1901 1670 1943 'vocatur⁶

222 1965 292 2012 Ea
338 1963 540 2012 Francis
586 1977 785 2025 semper
830 1961 1049 2022 inimica,
1103 1968 1151 2009 et
1195 1960 1381 2009 vicinos
1425 1975 1542 2008 suos
1588 1961 1671 2024 qui

222 2030 419 2078 Francis
465 2029 545 2076 vel
591 2028 794 2076 subiecti
835 2027 915 2075 vel
951 2026 1190 2075 foederati
1227 2034 1395 2089 erant,
1439 2025 1567 2076 odiis
1599 2026 1671 2074 in-

221 2096 428 2158 sectari,
488 2095 715 2159 belloque
778 2109 1006 2159 premere
1067 2109 1124 2141 ac
1182 2092 1413 2141 lacessire
1464 2091 1670 2142 solebat.
1750 2095 1754 2116 ³

222 2163 372 2212 Cuius
414 2162 726 2210 insolentiam
770 2177 858 2208 rex
900 2159 1097 2222 longius
1145 2159 1236 2207 sibi
1279 2175 1378 2207 non
1415 2158 1673 2216 ferendam

221 2237 386 2292 ratus,
423 2228 554 2276 bello
590 2243 700 2275 eam
737 2227 939 2291 adgredi
977 2225 1164 2289 statuit,
1201 2231 1566 2291 conparatoque
1596 2222 1671 2277 iffi
1744 2230 1754 2259 '⁴

222 2296 358 2358 genti
410 2295 654 2357 exercitu,
710 2293 937 2341 Rhenum
988 2292 1118 2357 apud
1165 2292 1421 2341 Coloniam
1456 2290 1670 2342 traiecit

221 2362 341 2410 lnde
384 2377 474 2426 per
520 2360 786 2410 Saxoniam
837 2360 930 2408 iter
977 2374 1157 2422 agens,
1216 2373 1327 2406 cum
1371 2355 1432 2405 a'd
1476 2356 1671 2410 Albium

221 2428 555 2493 pervenisset,
590 2426 762 2475 castris
798 2426 846 2473 in
876 2426 982 2490 ripa
1016 2424 1209 2490 positiS,
1245 2422 1670 2478 amnemsduobus'

221 2494 454 2560 pontibus
502 2493 682 2556 iunxit,
731 2508 942 2556 quorum
978 2507 1131 2539 unum
1167 2507 1227 2538 ex
1262 2490 1567 2554 utroqueca
1603 2488 1669 2541 ‘te

220 2561 353 2609 vallo
396 2559 604 2608 munivit
645 2568 696 2608 et
730 2559 942 2624 inposito
978 2557 1222 2623 praesidio
1260 2555 1487 2605 firmavi&
1556 2505 1671 2621 ζεῦ

221 2626 372 2675 fluvio
423 2626 655 2688 transito,
708 2642 803 2690 quo
848 2625 1171 2674 constituerat
1211 2622 1482 2675 exercitum
1515 2618 1670 2684 duxit,

221 2694 573 2758 ingressusque
620 2692 912 2742 Wiltzorum
965 2700 1179 2755 terram,
1234 2696 1407 2741 cuncta
1453 2689 1586 2738 ferro
1621 2694 1674 2736 et

1738 2362 1754 2526 ἑ

1733 2549 1754 2677 1
