1754 3120
645 210 846 260 Α..824
881 209 993 259 825.
1480 208 1541 256 91

0 353 9 393 ς,
89 333 373 400 φοοῖοοωε,
418 332 479 380 ab
514 332 734 395 Eugenio
770 329 1001 406 pontifice
1036 326 1304 376 honorifice
1341 328 1544 394 suscipi-

0 404 6 430 ἱ
254 400 344 450 Cui
378 415 494 450 cum
522 398 738 447 iniuncta
765 397 856 446 sibi
891 397 1211 461 patefaceret,
1245 401 1430 444 statum
1459 412 1544 460 po-

185 466 439 518 'Romani
473 465 761 513 iamdudum
790 463 1097 536 quorundam
1126 462 1410 527 praesulum
1438 478 1545 527 per-

80 531 332 586 nouitate
362 532 704 606 depravatum,
740 529 1001 578 memorati
1036 527 1280 592 pontificis
1317 528 1546 578 benivola

0 634 4 652 ,-
90 598 389 656 mue
432 597 498 646 ita
534 596 768 657 correxit,
817 602 870 642 ut
904 610 1078 642 omnes
1115 594 1195 657 qui
1232 610 1398 642 rerum
1435 613 1546 644 sua·

0 667 6 675 ”
88 675 219 720 m
230 663 514 730 direptione
548 663 768 727 graviter
802 663 998 710 fuerant
1033 659 1268 723 desolati,
1315 661 1377 708 de
1413 679 1546 710 rece-

293 730 539 780 bonorum
573 745 794 792 suorum,
831 744 956 792 quae
992 743 1081 792 per
1116 726 1247 775 illius
1278 727 1546 776 adventum

231 797 448 846 donante
482 803 799 871 provenerat,
846 794 1110 856 magnifice
1155 793 1255 841 sint
1289 795 1544 843 consolati.

0 860 10 926 ζ
89 861 200 914 Boc
231 879 386 928 anno,
425 863 593 929 paucis
627 871 742 911 ante
779 861 1044 910 solstitium
1080 860 1317 920 aestivale
1353 860 1544 925 diebus,

0 946 6 998 ξ,
91 929 154 982 h
174 930 425 981 territorio
459 929 909 993 Augustodunense
945 933 1060 975 ae're
1107 928 1153 975 in
1199 933 1545 992 tempestatem

0 1001 4 1058 ξ
90 995 255 1049 edita
285 996 561 1046 mutatione
596 1012 861 1058 converso,
905 995 1079 1058 ingens
1115 996 1451 1056 fragmentum
1486 1010 1546 1042 ex

88 1061 252 1139 με
283 1063 433 1112 simul
467 1079 579 1111 cum
613 1062 854 1126 grandine
890 1061 1133 1124 decidisse
1169 1068 1428 1123 narratur
1465 1077 1546 1108 cu·

89 1143 171 1180 nu·
191 1129 447 1193 longitudo
470 1129 764 1194 quindecim,
800 1127 1008 1176 latitudo
1034 1135 1243 1192 septem,
1269 1127 1545 1176 crassitudo

0 1234 13 1266 ι.
88 1193 216 1246 duos
249 1194 404 1261 pedes
439 1195 671 1244 habuisse
706 1194 896 1243 dicitur.

187 1260 307 1311 825.
369 1261 521 1311 Sacro
580 1261 798 1336 paschali
850 1262 978 1308 festo
1035 1260 1325 1308 solemniter
1371 1261 1544 1325 Aquis-

87 1341 233 1392 &nm
276 1327 555 1391 celebrato,
607 1327 855 1376 arridente
900 1327 1049 1375 etiam
1093 1343 1244 1375 verna
1287 1327 1545 1391 temperie,

89 1393 361 1460 imperator
405 1394 617 1444 venandi
663 1395 822 1469 glatia
869 1394 1231 1458 Noviomagum
1279 1395 1545 1458 piofectus,

0 1475 6 1519 ζ,
89 1460 284 1537 legatos
330 1460 658 1526 Bulgarorum
703 1461 831 1509 circa
876 1461 1096 1508 medium
1111 1432 1325 1509 ¹3Maium
1360 1462 1546 1524 Aquas·

0 1521 7 1562 ³
89 1527 232 1592 grani
266 1529 437 1576 venire
472 1528 732 1593 praecepit.
814 1528 939 1576 Nam
988 1528 1060 1575 sic
1104 1527 1190 1575 illo
1226 1526 1409 1575 reve1t1
1445 1533 1544 1574 sta-

0 1590 11 1651 i
89 1593 207 1657 mii,
252 1594 511 1643 habiturus
546 1595 611 1642 ibi
648 1601 974 1655 conventum,
1012 1609 1160 1657 quem
1205 1593 1267 1640 de
1309 1593 1547 1641 Brittania

362 1698 378 1714 ..
430 1677 490 1708 eo
550 1677 604 1709 se
661 1667 886 1729 tempore
931 1659 1116 1707 ibidem
1167 1659 1351 1707 habere
1398 1660 1544 1723 velle,

0 1723 2 1738 ⁸
87 1717 406 1802 optimatibus
427 1727 756 1775 indicaverat.
827 1722 935 1785 Quo
972 1743 1111 1790 cum,
1160 1733 1362 1791 peracta
1397 1743 1544 1774 vena·

0 1824 3 1858 3
90 1793 241 1857 tione,
277 1792 454 1842 fuisset
489 1808 742 1855 reversus,
778 1792 1087 1866 Bulgaricam
1123 1794 1424 1867 legationem
1460 1809 1544 1840 au-

0 1864 4 1891 ῑ
90 1858 238 1922 divit3
281 1867 390 1908 erat
435 1859 567 1907 enim
604 1860 666 1907 de
702 1858 924 1907 terminis
960 1875 1017 1906 ac
1059 1858 1239 1907 finibus
1274 1859 1400 1907 inter
1432 1858 1545 1906 Bul·

88 1941 240 1990 garos
274 1942 333 1974 ac
366 1926 579 1974 Francos
615 1925 981 1974 constituendis.
1060 1925 1337 1973 Adfuerunt
1378 1925 1427 1972 in
1464 1941 1545 1972 eo·

76 1992 206 2042 dem
250 2001 493 2041 conventu
540 2009 696 2056 paene
744 2008 918 2039 omnes
966 1991 1231 2039 Brittaniae
1284 1991 1545 2057 primores,

87 2058 220 2108 inter
253 2075 378 2124 quos
413 2068 462 2108 et
497 2059 859 2120 wihomarcus,
901 2059 983 2122 qui
1019 2058 1225 2122 perfidia
1263 2075 1352 2106 sua
1389 2066 1438 2106 et
1474 2066 1544 2106 to-

87 2133 192 2175 tam
226 2124 515 2174 Brittaniam
552 2125 947 2185 conturbaverat,
985 2133 1035 2173 et
1061 2124 1389 2173 obstinatione
1423 2125 1544 2172 stul-

9 2202 11 2206 ’
88 2191 280 2241 tissima
316 2192 377 2239 ad
413 2200 738 2239 memoratam
765 2190 1128 2255 expeditionem
1151 2191 1235 2238 ino
1270 2191 1544 2239 faciendam

89 2258 404 2324 imperatoris
439 2258 659 2306 animum
696 2264 1076 2332 provocaverat,
1114 2257 1313 2305 tandem
1349 2257 1546 2305 saniore

87 2339 208 2374 usus
241 2325 473 2387 consilio,
510 2326 572 2372 ad
609 2324 757 2372 fidem
795 2323 1133 2389 imperatoris,
1188 2331 1239 2371 ut
1275 2323 1382 2387 ipse
1418 2323 1546 2371 dice-

89 2391 200 2468 bat,
246 2390 418 2439 venire
453 2407 550 2439 non
588 2391 840 2439 dubitavit.
922 2390 1010 2439 Cui
1046 2405 1157 2437 cum
1193 2390 1462 2454 imperator
1496 2397 1547 2437 et

88 2458 387 2523 ignosceret,
425 2465 475 2506 et
500 2457 788 2506 muneribus
813 2457 1045 2504 donatum
1073 2473 1168 2504 una
1199 2473 1312 2505 cum
1337 2455 1545 2504 caeteris

89 2524 254 2588 gentis
280 2540 400 2573 suae
424 2523 721 2588 primoribus
747 2524 947 2571 domum
972 2539 1197 2571 remeare
1221 2522 1479 2588 permitte}
1481 2530 1546 2583 et

88 2590 388 2657 promissam
425 2590 602 2655 fidem,
649 2598 702 2639 ut
738 2591 871 2656 prius
908 2597 1259 2651 consueverat,
1306 2588 1546 2652 gentilitia

89 2656 297 2723 pei-fidia
344 2658 695 2720 commutavit,
744 2673 801 2705 ac
836 2656 1022 2704 vicinos
1058 2673 1175 2704 suos
1211 2655 1448 2704 incendiis
1495 2662 1546 2702 et

18 2744 30 2753 ·
90 2723 444 2790 direptionibus
481 2727 528 2772 in
566 2731 802 2789 quantum
840 2723 999 2787 potuit
1034 2723 1271 2771 infestare
1309 2737 1404 2769 non
1441 2735 1544 2769 ces·
