1754 3120
247 205 313 254 58
659 204 957 253 ElNHARDl
994 205 1288 256 ANNALES

247 333 424 374 ventus
473 325 710 373 comitum
755 325 1066 390 imperatoris
1124 335 1270 392 atque
1317 344 1519 379 suorum
1566 330 1698 380 iuxta

246 392 485 440 terminos
529 392 667 455 regni
703 392 779 440 sui
815 401 951 440 trans
986 392 1149 442 Albim
1185 395 1353 459 lieret,
1400 396 1450 445 iu
1482 413 1579 463 quo
1614 412 1698 446 res

246 459 457 507 invicem
487 466 660 521 gestae
684 459 896 523 proferri
933 466 985 508 et
1007 460 1352 509 emendatione
1388 462 1539 526 digna
1570 464 1699 513 inter

244 533 411 589 partes
448 526 725 572 enumerari
763 525 1051 590 potuissent.
1138 529 1244 575 Non
1281 528 1453 577 abnuit
1485 529 1697 596 impora-

244 600 344 654 tor;
381 590 777 655 colloquiumque
808 600 945 640 trans
966 593 1159 641 Albiam
1195 594 1418 643 habitum
1453 612 1566 644 cum
1599 597 1698 657 pri-

243 658 463 707 moribus
499 658 774 719 Danorum,
812 658 860 704 in
898 659 1005 705 loco
1042 659 1123 721 qui
1160 660 1339 707 dicitur
1371 659 1696 726 Badenssiot¹.,

242 724 511 788 multisque
562 724 675 771 hinc
720 731 770 771 et
814 723 925 770 inde
961 724 1166 787 prolatis
1211 734 1358 790 atque
1394 729 1697 776 enumeratis

242 791 407 853 rebus⁷
429 791 628 853 negotio
642 789 838 856 penitus
856 790 1037 839 infecto
1057 790 1332 841 discessum
1352 799 1443 842 est.
1478 794 1696 843 Thi-asco

242 872 389 919 vero,
446 857 541 904 dux
599 856 978 919 Abodritorum.,
1031 866 1293 922 postquam
1341 859 1499 908 filium
1549 876 1696 909 suum

240 923 508 988 postulanti
543 923 814 972 Godofrido
850 923 1075 972 obsidem
1111 924 1335 988 dederat,
1371 926 1579 975 collecta
1609 942 1695 992 po-

242 989 488 1055 pularium
537 1006 710 1052 manu,
765 998 814 1038 et
861 990 1042 1038 auxilio
1090 1007 1118 1039 a
1154 991 1432 1042 Saxonibus
1472 1001 1694 1058 accepto,

242 1056 427 1105 vicinos
463 1072 581 1104 suos
604 1058 810 1106 Wiltzos
847 1057 1129 1121 adgressus,
1165 1074 1314 1122 agros
1351 1074 1525 1107 eorum
1559 1061 1693 1108 ferro

240 1131 290 1173 et
336 1123 437 1186 igni
486 1130 673 1187 vastat,
719 1139 1075 1189 regressusque
1121 1125 1321 1173 domum
1358 1142 1471 1174 cum
1505 1125 1695 1189 ingenti

239 1190 452 1254 praeda,
489 1198 689 1255 accepto
726 1190 903 1238 iterum
939 1207 967 1238 a
990 1191 1267 1240 Saxonibus
1300 1193 1525 1241 validiori
1560 1191 1693 1240 auxi-

240 1257 332 1319 lio,
379 1256 783 1320 Smeldingorum
828 1257 1094 1305 maximam
1146 1257 1392 1307 civitatem
1427 1265 1693 1324 expugnat,

239 1330 386 1387 atque
421 1322 498 1370 his
534 1322 842 1371 successibus
878 1339 1052 1372 omnes
1088 1324 1168 1387 qui
1205 1324 1266 1372 ab
1302 1340 1362 1373 eo
1391 1325 1692 1388 defecerant,

239 1389 301 1437 ad
338 1404 478 1437 suam
515 1390 806 1438 societatem
843 1390 1023 1438 reverti
1060 1392 1251 1454 coegit.·
1294 1392 1382 1440 His
1417 1391 1485 1440 ita
1519 1390 1692 1455 gestis,

238 1456 510 1520 imperator
565 1457 627 1504 de
678 1456 942 1504 Arduenna
994 1458 1158 1521 Aquas
1209 1474 1466 1521 reversus,
1518 1472 1694 1506 mense

237 1521 538 1571 Novembrio
585 1523 843 1570 concilium
884 1522 1054 1570 habuit
1088 1524 1148 1571 de
1184 1525 1502 1588 processione
1537 1522 1693 1588 Spiri-

238 1597 318 1637 tus
374 1588 553 1651 sancti7
610 1605 757 1653 quam
814 1589 1153 1652 quaestionem
1200 1591 1445 1639 Iohannes
1490 1589 1692 1654 quidam

237 1655 510 1704 monachus
535 1655 874 1704 Hierosolimis
909 1655 1068 1720 primo
1106 1657 1397 1719 commovit3
1433 1656 1571 1706 cuius
1606 1656 1690 1705 de-

236 1722 482 1770 finiendae
517 1738 665 1770 causa
699 1722 997 1770 Bernharius
1032 1722 1292 1786 episcopus
1322 1723 1691 1771 Wormacensis

237 1796 287 1836 et
320 1788 630 1836 Adalhardus
677 1788 828 1836 abbas
876 1788 1162 1836 monasterii
1200 1788 1439 1838 Corbeiae
1481 1788 1691 1837 Romam

237 1855 300 1903 ad
336 1855 553 1903 Leonem
591 1871 770 1920 papam
800 1854 937 1902 missi
974 1862 1100 1903 sunt.
1153 1856 1405 1918 Agitatum
1441 1862 1520 1904 est
1541 1855 1691 1905 etiam
1752 1850 1754 1858 ⁴

236 1922 284 1969 in
322 1921 500 1970 eodem
535 1922 739 1970 concilio
781 1922 843 1969 de
879 1929 1008 1970 statu
1045 1921 1365 1970 ecclesiarum
1401 1930 1450 1971 et
1484 1937 1688 1970 conver-

235 1989 427 2037 satione
472 2003 672 2050 θοι-ωτι,
724 1988 804 2051 qui
854 1988 902 2034 in
950 1987 1023 2035 eis
1058 1987 1161 2035 Deo
1210 1989 1396 2036 servire
1443 1988 1688 2051 dicuntur,

235 2070 327 2102 nec
362 2054 544 2118 aliquid
580 2061 747 2101 tamen
773 2053 1029 2102 definitum
1067 2061 1145 2101 est
1179 2063 1381 2119 propter
1417 2070 1600 2117 rerum,
1636 2061 1689 2103 ut

234 2120 518 2184 videbatur,
555 2119 958 2183 magnitudinem.
1028 2120 1301 2185 Imperator
1335 2129 1524 2185 autem,
1575 2136 1689 2169 cum
1748 2161 1754 2180 ⁴

235 2186 279 2235 ei
317 2188 472 2235 multa
524 2187 584 2235 de
630 2187 859 2235 iactantia
908 2194 958 2234 et
1003 2187 1231 2251 superbia
1268 2188 1401 2252 regis
1435 2187 1695 2237 Danorum.
1746 2188 1754 2258 1

235 2254 601 2316 nuntiarentur7
647 2253 818 2302 statuit
859 2260 994 2301 trans
1029 2253 1224 2302 Albiam
1269 2253 1475 2303 fluvium
1519 2254 1687 2304 civita-⁹
1747 2262 1754 2308 l

234 2328 336 2369 tem
372 2320 657 2382 aedificare,
710 2320 1110 2383 Francorumque
1145 2321 1194 2368 in
1230 2336 1288 2368 ea
1323 2336 1511 2386 ponere
1545 2335 1685 2386 prae-

233 2387 429 2435 sidium.
510 2387 731 2449 Cumque
777 2386 838 2433 ad
885 2386 979 2434 hoc
1013 2403 1102 2451 per
1136 2387 1347 2435 Galliam
1383 2395 1530 2452 atque
1564 2387 1686 2436 Ger-

232 2455 450 2501 maniam
480 2453 706 2500 homines
742 2461 1112 2515 congregasset,
1149 2455 1398 2519 armisque
1432 2470 1491 2503 ac
1522 2461 1683 2502 caete-

232 2521 300 2569 ris
321 2520 381 2567 ad
409 2535 551 2567 usum
573 2519 865 2566 necessariis
893 2519 1041 2567 rebus
1073 2519 1338 2570 instructos
1365 2537 1455 2586 per
1473 2520 1682 2569 FrISiam

234 2586 293 2635 ad
331 2588 494 2634 locum
529 2585 827 2634 destinatum
853 2585 1033 2634 ducere
1069 2586 1311 2651 iussisset,
1345 2587 1561 2636 Thrasco
1584 2586 1682 2634 dux

233 2652 582 2702 Abodritorum
607 2652 656 2700 in
693 2652 913 2717 emporio
938 2651 1082 2700 Rei-ic
1115 2653 1176 2700 ab
1211 2653 1492 2703 hominibus
1518 2653 1681 2702 Godo-

238 2733 268 2779 1)
295 2734 396 2770 locus
423 2734 586 2781 ignotus,
623 2739 720 2770 certe
751 2746 865 2781 prope
890 2734 1083 2781 Egidoram
1109 2735 1209 2770 situs.
