1754 3120
625 205 826 255 A..812
864 205 977 255 813.
1465 211 1531 259 65

72 326 247 377 dolore
281 327 530 389 decubuit,
566 334 614 376 et
644 330 994 378 convalescens
1019 330 1326 394 Aquasgrani
1364 344 1528 377 rever-

74 397 174 444 κ”ι
193 402 299 456 est3
335 410 393 442 ac
427 393 605 443 deinde
641 394 809 443 habito
846 395 1067 459 generali
1105 403 1376 459 conventu,
1411 411 1527 444 evo-

72 466 239 511 utum
273 429 336 508 a⁷d
369 475 424 509 se
459 460 588 524 apud
610 461 916 524 Aquasgrani
953 462 1110 509 filium
1145 479 1289 510 suum
1326 433 1527 511 H'ludoi-

0 539 3 542 ’
73 541 189 575 oum
298 526 509 575 uitaniae
557 541 756 590 regem,
804 543 1039 574 coronam
1083 528 1153 574 illi
1190 529 1432 593 inposuit,
1477 536 1528 578 et

72 591 313 661 imp-rin
383 591 594 640 nominis
639 591 732 640 sibi
778 599 1060 640 consortem
1097 593 1239 655 fecit,
1285 594 1527 642 Bernhar-

72 658 289 723 d-que
308 665 539 723 nepotem
574 674 736 722 suum,
773 658 928 706 filium
960 658 1149 723 Pippini
1185 659 1271 706 filii
1307 660 1399 723 sui,
1432 661 1527 708 lta·

64 721 170 774 =ffio
214 724 476 800 praefecit,
522 732 571 773 et
606 740 779 788 regem
814 725 1051 790 appellari
1087 725 1240 774 iussit.
1310 726 1527 775 Concilia

71 802 139 857 qn
205 806 266 839 ue
308 791 446 840 iussu
493 791 597 840 eius
641 807 791 856 super
834 799 965 840 statu
1011 792 1330 840 ecclesiarum
1377 791 1525 840 corri-

70 871 236 923 geno
280 873 372 924 per
418 866 572 907 totam
618 858 826 905 Galliam
877 857 937 905 ab
986 859 1231 923 episcopis
1278 858 1527 907 celebrata

71 931 211 988 snut,
258 940 465 990 quorum
513 939 663 971 unum
710 924 1032 988 Mogontiaci,
1080 925 1293 972 alterum
1339 925 1525 988 Remis,

70 990 272 1051 mum
307 989 532 1054 Turonis,
569 998 796 1055 quartum
832 990 1120 1053 Cabillione,
1158 991 1383 1055 quintum
1405 992 1524 1038 Are-

69 1056 157 1106 tati
201 1064 558 1121 congregatum
606 1066 705 1121 est,
759 1065 808 1106 et
843 1057 1276 1120 constitutionum,
1314 1073 1439 1121 quae
1475 1057 1524 1104 in

68 1121 279 1188 singulis
314 1124 473 1172 factae
509 1131 648 1187 sunt,
694 1123 890 1172 collatio
934 1140 1101 1172 coram
1137 1124 1438 1189 imperatore
1473 1123 1523 1170 in

71 1189 158 1239 illo
204 1198 449 1239 conventu
499 1189 688 1253 babita3
735 1207 856 1254 quas
893 1191 973 1255 qui
1009 1207 1158 1239 nosse
1193 1190 1428 1252 voluerit,
1475 1189 1524 1237 in

67 1256 363 1323 supradietis
426 1255 640 1322 quinque
703 1256 978 1305 civitatibus
1037 1257 1259 1304 invenire
1324 1255 1522 1321 poterit,

69 1335 368 1389 quamquam
394 1330 444 1371 et
477 1323 525 1370 in
562 1322 761 1370 archivo
786 1323 953 1388 palatii
989 1322 1292 1388 exemplaria
1326 1323 1523 1370 illarum

38 1388 356 1439 ‘habeantuiz
449 1389 585 1438 Missi
633 1396 748 1438 sunt
794 1389 854 1437 de
900 1390 993 1438 hoc
1035 1397 1277 1438 conventu
1324 1389 1523 1454 quidam

69 1455 367 1505 Francorum
416 1463 464 1504 et
501 1455 751 1504 Saxonum
786 1457 1029 1521 primores
1064 1464 1199 1505 trans
1235 1455 1396 1504 Albim
1432 1454 1520 1502 flu-

70 1521 204 1572 vium
238 1522 300 1571 ad
336 1522 547 1572 confinia
582 1522 1035 1586 Nordmannorum,
1084 1523 1165 1586 qui
1199 1537 1373 1586 pacem
1409 1536 1521 1568 cum

68 1587 143 1638 eis
186 1589 457 1637 secundum
504 1589 790 1652 petitionem
836 1604 1011 1651 regum
1047 1588 1246 1635 illorum
1283 1589 1519 1649 facerent,

67 1660 122 1704 et
174 1655 378 1703 fratrem
423 1670 597 1703 eorum
652 1654 932 1703 redderent.
1020 1654 1208 1713 Quibus
1257 1670 1368 1701 cum
1413 1654 1517 1718 pari

66 1735 276 1770 numero
314 1749 374 1758 —
412 1737 526 1768 nam
566 1722 627 1768 16
663 1728 804 1768 erant
839 1749 898 1756 -
937 1721 998 1769 de
1035 1720 1322 1796 piimatibus
1357 1720 1518 1767 Dano-

67 1802 178 1836 rum
198 1785 249 1836 in
270 1787 381 1835 loco
403 1786 637 1851 deputato
665 1786 1011 1849 occurrissent,
1038 1787 1328 1835 iuramentis
1350 1787 1518 1834 utrim-

99 1869 162 1903 ue
187 1853 327 1903 factis
362 1870 455 1919 pax
484 1852 794 1916 confirmata,
832 1860 880 1901 et
914 1869 1087 1916 regum
1127 1854 1281 1900 frater
1314 1852 1386 1899 eis
1410 1852 1519 1899 red-

64 1871 199 1969 ditus
232 1927 319 1968 est.
377 1920 470 1978 Qui
508 1927 670 1968 tamen
700 1936 758 1967 eo
796 1926 1020 1983 tempore
1057 1918 1190 1966 domi
1227 1935 1324 1966 non
1362 1925 1517 1980 er,ant

65 1985 155 2036 sed
189 1986 250 2034 ad
287 1984 697 2035 Westarfoldam¹
734 2002 846 2033 cum
883 1985 1097 2034 exercitu
1132 1985 1356 2050 profecti,
1392 1999 1517 2048 quae

64 2051 204 2118 regio
248 2052 422 2101 ultima
471 2052 611 2116 regni
658 2068 830 2100 eorum
877 2052 1005 2100 inter
1043 2068 1096 2099 se
1138 2052 1430 2100 tentrionem
1467 2058 1517 2098 et

63 2119 368 2169 occidentem
389 2119 499 2180 sita,
536 2126 705 2166 contra
731 2118 1061 2183 aquilonalem
1079 2069 1346 2166 lfrittaniae
1382 2133 1515 2165 sum·

0 2209 2 2213 ’
63 2185 287 2236 mitatem
330 2184 556 2250 respicit,
609 2185 746 2232 cuius
789 2185 1035 2248 principes
1080 2201 1136 2231 ac
1183 2184 1396 2248 populus
1444 2183 1515 2230 eis

0 2264 1 2270 ’
61 2251 216 2301 subici
250 2221 558 2300 recusabant.
628 2249 816 2309 Quibus
852 2249 1164 2314 perdomitis,
1211 2265 1322 2296 cum
1348 2265 1514 2296 rever-

0 2339 4 2375 ς
60 2318 266 2382 iissent,
302 2325 351 2366 et
385 2319 586 2367 fratrem
624 2316 684 2364 ab
721 2317 1018 2391 imperatore
1054 2315 1261 2364 missum
1303 2314 1514 2379 recepis-

61 2391 201 2449 sent,
244 2354 334 2432 filii
368 2382 623 2433 Godofridi
673 2383 805 2447 regis
841 2390 891 2431 et
926 2399 984 2430 ex
1021 2381 1317 2446 primoribus
1352 2381 1512 2429 Dano-

61 2466 173 2501 rum
208 2467 305 2498 non
331 2451 490 2516 pauci,
525 2450 606 2515 qui
642 2449 741 2497 iam
777 2448 961 2497 dudum
998 2448 1166 2497 relicta
1200 2448 1357 2514 patria
1383 2446 1512 2522 apud

0 2515 6 2588 j
62 2517 287 2568 Sueones
323 2516 610 2579 exulabant,
646 2515 927 2581 conparatis
963 2515 1305 2580 undecumque
1342 2514 1511 2579 copiis,

59 2582 247 2634 Bellum
284 2583 355 2632 eis
390 2582 688 2647 intulerunt,
730 2591 779 2631 et
815 2580 1175 2631 confluentibus
1212 2582 1273 2630 ad
1310 2597 1365 2629 se
1400 2597 1511 2645 pas-

66 2684 100 2731 i)
123 2682 426 2723 wne-ceulam!-
416 2686 452 2721 in
478 2696 542 2720 occ
523 2684 693 2720 ciidenul
719 2682 936 2720 Chersonesi
962 2682 1100 2720 Cimbri
1091 2696 1169 2721 icae
1194 2684 1285 2720 later
1267 2695 1326 2725 r,e
1354 2694 1390 2717 ιιι
1418 2680 1510 2717 tutin

63 2733 301 2770 meridionali.
350 2733 533 2771 Gebhardi
566 2732 648 2769 hist.
671 2731 810 2768 Daniae
836 2744 872 2779 p.
899 2733 981 2771 382.

1079 2793 1108 2837 5
