1754 3120
223 179 290 226 70
436 184 438 186 ’
639 173 939 224 EINHARDI
975 171 1264 223 ANNALES

226 298 614 363 compleverunt,
637 303 687 344 et
711 295 1074 345 contumacium
1097 294 1352 342 audaciam
1375 311 1474 343 non
1498 309 1679 358 magno

229 364 397 413 labore
427 370 840 427 compresserunt.
894 362 1017 410 Nam
1037 377 1134 409 una
1163 360 1357 409 civitate
1386 377 1444 410 ex
1482 368 1680 425 ugnata,

227 428 456 495 quicquid
493 429 540 475 in
578 444 635 476 ea
671 436 821 495 gente
857 428 1044 476 rebelle
1067 427 1342 490 videbatur,
1380 444 1439 476 su·
1475 427 1681 479 'ectione

228 495 471 562 promissa
495 495 793 560 conquievit.
847 496 1094 544 Vascones
1123 494 1203 559 qui
1234 501 1370 542 trans
1399 495 1683 543 Garunnam

228 571 276 611 et
320 563 447 610 circa
495 562 741 610 Pirineum
778 570 998 610 montem
1035 561 1280 625 habitant,
1331 567 1534 626 propter
1568 559 1682 609 sub-

229 630 384 677 latum
420 628 597 676 ducem
633 644 778 676 suum
813 628 1010 675 nomine
1047 628 1362 690 Sigiwinum,
1407 642 1557 692 quem
1594 627 1682 675 im-

229 703 430 761 perator
461 694 522 742 ob
548 694 749 741 nimiam
786 694 892 741 eius
930 693 1242 741 insolentiam
1277 709 1334 740 ac
1356 709 1552 741 morum
1573 709 1684 758 pra-

229 762 431 810 vitatem
476 760 590 808 inde
643 760 938 823 sustulerat,
992 760 1135 808 solita
1183 758 1383 808 levitate
1433 759 1684 823 commoti,

229 826 566 876 coniuratione
611 827 765 890 facta,
814 826 1098 875 omnimoda
1145 825 1421 874 defectione
1465 825 1683 874 descive-

229 901 367 955 runt3
415 893 503 942 sed
549 893 740 942 duabus
776 892 1171 959 expeditionibus
1206 891 1275 940 ita
1312 899 1427 941 sunt
1463 891 1682 956 edomiti,

229 968 282 1009 ut
318 960 459 1009 tarda
507 960 578 1008 eis
615 959 799 1009 deditio
837 968 886 1009 et
922 960 1055 1025 pacis
1102 958 1380 1022 impetratio
1417 958 1683 1008 videretur.

229 1027 424 1074 Interea
475 1026 686 1075 domnus
742 1026 841 1074 Leo
893 1042 1021 1092 papa
1074 1041 1201 1074 anno
1250 1024 1564 1090 pontificatus
1607 1025 1683 1074 sui

229 1093 464 1142 vicesimo
510 1094 699 1158 primo,
753 1093 946 1142 circiter
989 1092 1033 1141 8.
1079 1092 1184 1141 Kal.
1238 1091 1342 1139 lun.
1378 1091 1440 1140 de
1475 1107 1684 1156 corpore

229 1160 484 1223 migravit,
520 1160 853 1224 Stefanusque
888 1159 1123 1208 diaconus
1158 1158 1207 1206 in
1243 1158 1407 1206 locum
1443 1158 1550 1207 eius
1586 1159 1684 1206 ele-

230 1233 338 1274 ctus
374 1234 523 1290 atque
558 1226 811 1274 ordinatus
847 1234 947 1289 est,
993 1226 1310 1289 nondumque
1346 1224 1538 1273 duobus
1573 1232 1687 1290 post

230 1292 652 1340 consecrationem
676 1309 817 1341 suam
839 1293 1021 1340 exactis
1052 1290 1322 1354 mensibus,
1358 1307 1506 1356 quam
1533 1291 1686 1340 maxi-

230 1358 323 1406 mis
359 1366 551 1423 poterat
586 1358 843 1407 itineribus
881 1359 941 1407 ad
978 1357 1332 1424 imperatorem
1365 1357 1536 1406 venire
1573 1373 1686 1406 con·

230 1425 411 1488 tendit,
463 1425 628 1473 missis
679 1426 874 1474 interim
923 1425 1115 1474 duobus
1158 1424 1361 1488 legatis,
1415 1423 1498 1489 qui
1545 1424 1687 1489 quasi

230 1507 319 1555 pro
339 1507 427 1539 sua
447 1493 817 1540 consecratione
845 1492 1131 1557 imperatori
1154 1498 1491 1555 suggererent.
1543 1490 1687 1550 Quod

233 1556 311 1604 ubi
349 1557 620 1623 imperator
655 1558 865 1621 audivit,
920 1559 1087 1606 Remis
1123 1557 1168 1604 ei
1204 1556 1377 1605 statuit
1410 1573 1686 1622 occurrere,

230 1623 494 1689 missisque
530 1624 726 1672 obviam
761 1624 838 1673 his
875 1624 955 1688 qui
993 1640 1107 1672 eum
1131 1623 1216 1670 illo
1248 1623 1565 1685 deducerent,
1601 1623 1686 1673 ad-

230 1698 435 1739 ventum
470 1691 575 1739 eius
609 1691 950 1756 praeveniens,
987 1707 1098 1738 cum
1134 1705 1315 1752 magno
1351 1705 1466 1737 eum
1502 1689 1686 1738 ibidem

230 1757 418 1805 honore
462 1758 693 1821 suscepit.
773 1758 868 1816 Qui
912 1757 1079 1805 statim
1122 1754 1409 1820 imperatori
1444 1755 1688 1805 adventus

230 1823 306 1871 sui
341 1839 541 1871 causam
576 1824 859 1886 insinuans,
911 1822 1173 1871 celebratis
1220 1837 1281 1869 ex
1326 1837 1467 1870 more
1512 1823 1687 1871 missa-

230 1906 342 1937 rum
377 1890 678 1954 sollemniis,
718 1905 832 1937 eum
869 1889 1162 1938 diadematis
1197 1887 1514 1953 impositione
1548 1904 1688 1937 coro-

230 1956 378 2005 navit.
447 1958 615 2006 Multis
652 1957 830 2004 deinde
866 1957 992 2005 inter
1033 1972 1119 2003 eos
1157 1954 1443 2003 muneribus
1478 1961 1527 2003 et
1562 1955 1688 2005 datis

231 2032 280 2071 et
327 2023 567 2088 acceptis,
619 2023 953 2087 conviviisque
1006 2021 1242 2087 oppipare
1296 2020 1587 2085 celebratis,
1637 2028 1688 2070 et

232 2089 444 2137 amicitia
479 2088 697 2138 vicissim
725 2088 1010 2137 firmissimo
1042 2088 1220 2136 robore
1247 2087 1524 2150 constituta,
1557 2087 1688 2137 aliis-

231 2172 326 2220 que
361 2155 650 2204 utilitatibus
686 2163 885 2204 sanctae
920 2156 1010 2203 Dei
1047 2154 1286 2203 ecclesiae
1322 2169 1412 2218 pro
1449 2154 1688 2220 temporis

232 2223 563 2287 oportunitate
608 2222 885 2287 dispositis,
928 2222 1148 2288 pontifex
1196 2221 1430 2283 Romam,
1475 2221 1688 2286 impera-

232 2297 310 2337 tor
344 2288 705 2353 Compendium
741 2289 976 2354 palatium
1014 2289 1162 2354 petiit.
1233 2286 1303 2334 lbi
1334 2294 1687 2350 commoratus,
1751 2315 1754 2342 3

232 2357 424 2418 legatos
459 2356 812 2404 Abodritorum
859 2364 908 2404 et
944 2357 1004 2404 de
1041 2352 1274 2420 Hispania
1310 2353 1504 2416 legatos
1539 2353 1688 2403 Abdi-
1751 2379 1754 2415 g

233 2423 455 2483 rahman,
491 2421 578 2469 filii
614 2423 801 2470 Abulaz
839 2423 1000 2485 regis,
1038 2422 1098 2469 ad
1137 2437 1191 2469 se
1228 2419 1409 2468 missos
1444 2420 1687 2485 suscepit3
1750 2427 1754 2475 :

232 2488 591 2563 completisque
643 2488 708 2536 ibi
763 2488 937 2552 viginti
993 2489 1073 2537 vel
1127 2503 1186 2535 eo
1238 2485 1451 2551 amplius
1496 2486 1686 2551 diebus,
1751 2496 1754 2525 ἐ

235 2556 539 2619 Aquasgrani
578 2554 638 2602 ad
675 2555 994 2604 hiemandum
1032 2555 1283 2621 profectus
1319 2560 1406 2601 est.

331 2621 445 2673 817.
485 2621 656 2685 Legati
691 2622 1025 2671 Abdirahman
1063 2621 1146 2670 filii
1179 2620 1382 2683 Abulaz,
1419 2619 1552 2683 regis
1575 2617 1687 2667 Sar·
1747 2614 1754 2682 1

233 2704 549 2751 racenorum,
601 2689 661 2737 de
698 2689 1092 2754 Caesaraugusta
1139 2686 1303 2750 missi,
1347 2685 1481 2750 pacis
1518 2693 1687 2750 peten·
1748 2719 1754 2748 ,-
