1754 3120
197 185 279 221 V¹¹¹
601 189 898 238 EINHARDI
935 189 1237 240 ANNALES.

193 311 287 357 sita
332 325 487 357 sermo
536 312 599 371 (e.
637 328 681 372 9.
719 326 828 358 αηη.
868 311 977 358 795.
1014 310 1154 374 826.)
1203 312 1337 361 nobis
1372 312 1642 377 persuadet.

196 375 467 423 Secundam
512 377 655 438 iyitur
690 379 847 439 operis
877 380 1067 439 partem
1101 393 1190 440 per
1223 379 1435 442 sinqulos
1469 395 1639 440 annoS,

195 442 307 490 dum
352 444 450 504 ipse
485 442 628 490 aulae
671 444 1009 506 imperatoriae
1045 443 1351 508 adhaereret,
1401 451 1447 494 et
1477 447 1640 512 Aquis-

192 510 336 571 yrani
365 510 644 572 praecipue,
681 509 744 557 ab
776 509 1021 557 Einhardo
1045 514 1359 574 compositam
1395 528 1497 562 esse
1525 529 1639 576 pro·

189 590 334 637 pono.
403 574 528 623 Hinc
561 579 608 623 et
641 575 790 623 altum
825 576 883 624 de
916 575 1187 626 Adalhardi
1219 583 1263 626 et
1291 579 1456 628 Walae
1491 580 1641 629 abba-

193 645 292 689 tum
316 642 458 690 ruina
490 641 632 704 (nam
653 644 991 690 restitutionem
1019 646 1282 708 memorat)
1317 646 1566 709 silentium,
1599 652 1646 695 et

193 723 279 756 cur
302 723 422 771 opus
442 708 571 757 ultra
604 723 784 756 annum
806 707 904 757 829
933 724 1030 756 non
1056 712 1326 773 excreverit,
1350 711 1639 761 declaratur.

298 774 358 822 Ut
398 776 541 838 iyitur
578 776 753 837 paucis
803 777 1083 822 sententiam
1131 792 1289 823 meam
1337 777 1395 825 de
1442 782 1642 843 utroque

190 856 332 903 opere
385 841 657 904 absolvam,
726 841 925 889 annales
968 842 1324 905 Laurissenses,
1384 859 1532 909 usque
1575 845 1645 893 ad

192 923 372 955 annum
425 910 523 958 788
567 908 615 955 in
662 909 954 955 monasterio
1001 911 1158 957 sancti
1199 909 1401 957 Nazarii
1450 926 1643 974 compo-

190 976 330 1036 sitos,
366 973 529 1022 ultimo
563 974 743 1022 saeculi
776 976 933 1022 octavi
968 974 1191 1023 decennio
1229 975 1296 1023 ad
1327 993 1502 1026 manus
1526 977 1640 1025 Ein-

190 1040 356 1102 hardi,
412 1042 577 1104 mayni
627 1041 1107 1089 Laureshamensium
1162 1043 1328 1105 amici,
1384 1043 1639 1106 devenisse,

189 1111 235 1154 et
266 1107 328 1154 ab
376 1123 430 1155 eo
466 1109 817 1156 continuatione
852 1124 1090 1155 annorum
1125 1108 1269 1157 788—
1291 1109 1405 1173 829,
1452 1109 1642 1173 qualem

191 1174 437 1221 annalium
485 1175 866 1222 Laurissensium
911 1174 1099 1222 codices
1142 1175 1380 1238 exhibent,
1417 1175 1640 1238 donatos,

189 1255 331 1302 opere
376 1256 488 1288 vero
525 1241 594 1287 ad
624 1244 763 1299 finem
795 1241 1050 1303 perducto,
1090 1243 1303 1303 priorem
1349 1244 1493 1290 etiam
1522 1258 1639 1305 par-

188 1310 280 1353 tem
325 1306 561 1354 monacho
597 1306 830 1368 debitam,
877 1323 1024 1370 quam
1057 1323 1206 1369 opera
1249 1324 1342 1356 sua
1384 1308 1642 1371 plurimum

187 1371 397 1435 indiyere
431 1372 743 1434 intellexisset,
781 1373 842 1419 ab
868 1373 1115 1420 Einhardo
1151 1375 1462 1437 recoynitam,
1499 1378 1641 1438 atque

187 1453 287 1486 una
323 1454 430 1486 cum
475 1440 828 1486 continuatione
857 1441 1030 1500 paucis
1064 1440 1217 1487 verbis
1262 1441 1518 1488 immutata
1551 1455 1640 1489 suo

188 1505 275 1553 sub
319 1506 507 1552 nomine
550 1504 726 1552 editam
776 1519 877 1552 esse
911 1519 1090 1552 censeo.
1172 1505 1305 1564 Quae
1346 1507 1389 1554 si
1433 1507 1511 1554 cui
1553 1508 1638 1555 mi-

188 1587 278 1619 nus
307 1571 601 1634 placuerint,
639 1571 739 1618 alia
773 1586 862 1618 nos
897 1571 1067 1618 docere
1101 1586 1198 1619 non
1231 1572 1552 1634 supersedeat.

288 1636 363 1685 Ad
407 1642 672 1699 temporum
729 1639 963 1685 rationem
1016 1637 1146 1701 quod
1181 1640 1406 1701 pertinet,
1459 1654 1639 1687 annum

186 1718 326 1752 suum
385 1704 811 1752 Laureshamensis
871 1704 1136 1752 monachus
1187 1709 1234 1752 et
1281 1705 1558 1753 Einhardus
1605 1722 1639 1753 a

185 1772 433 1818 nativitate
477 1770 671 1818 Domini
715 1770 963 1832 inchoant,
1012 1771 1141 1834 quod
1184 1772 1242 1818 iis
1289 1773 1430 1819 annis
1471 1771 1640 1835 quibus

182 1853 272 1899 per
312 1837 507 1885 hiemem
542 1839 686 1884 etiam
726 1853 803 1884 res
836 1841 998 1899 qestae
1040 1841 1175 1898 sunt,
1222 1853 1257 1884 e.
1292 1854 1336 1901 9.
1374 1837 1488 1900 768,
1525 1836 1638 1900 776,

186 1903 301 1966 781,
350 1903 463 1966 785,
512 1903 624 1965 787,
673 1902 787 1965 800,
824 1902 937 1963 801,
974 1902 1087 1965 802,
1123 1904 1237 1963 806,
1275 1903 1374 1952 807
1418 1904 1550 1950 initio
1595 1908 1640 1951 et

184 1972 290 2031 line,
326 1969 425 2018 808
451 1974 531 2016 etc.
568 1972 706 2016 extra
735 1968 1076 2015 dubitationem
1111 1970 1259 2029 venit5
1294 1969 1442 2017 hieme
1475 1973 1638 2018 tamen

179 2051 271 2099 per
305 2037 502 2099 quietem
537 2035 681 2082 ducta
694 2072 708 2096 ,
743 2038 937 2098 uterque
972 2039 1203 2082 recentem
1238 2051 1415 2083 annum
1450 2037 1639 2084 nonnisi

182 2106 296 2165 post
338 2103 461 2149 veris
505 2102 687 2148 initium
730 2101 983 2163 inchoare,
1032 2106 1078 2148 et
1120 2102 1332 2150 natalem
1365 2102 1559 2150 Domini
1593 2105 1640 2150 et

180 2168 368 2231 pascha
392 2183 520 2215 anno
553 2169 768 2230 proxime
789 2168 952 2230 elapso
983 2168 1242 2230 adiunyere
1263 2169 1446 2217 videtur
1455 2186 1475 2229 ,-
1509 2167 1641 2232 quod

184 2237 415 2282 neminem
448 2236 497 2281 in
532 2249 743 2281 errorem
779 2234 949 2281 ducere
979 2238 1145 2296 potest.

283 2301 359 2349 Ex
400 2301 710 2363 scriptoribus
751 2301 893 2348 medii
935 2302 1065 2362 aevi,
1108 2315 1310 2363 quorum
1352 2315 1450 2348 non
1488 2301 1638 2362 pauci

185 2383 326 2430 opere
359 2371 525 2414 nostro
571 2368 645 2414 usi
677 2370 811 2428 sunt,
859 2366 932 2413 hic
966 2370 1151 2413 tantum
1188 2366 1493 2428 Enhardum,
1548 2380 1636 2414 an-

184 2434 367 2482 nalium
392 2433 694 2480 Fuldensium
722 2447 868 2495 usque
899 2432 967 2479 ad
1002 2448 1177 2479 annum
1205 2433 1302 2483 838
1338 2434 1634 2495 scriptorem,

184 2504 227 2547 et
262 2499 598 2562 subaequalem
633 2501 757 2546 vitae
793 2498 1056 2547 Hludowici
1090 2499 1162 2546 Pii
1198 2504 1443 2547 auctorem
1479 2497 1635 2546 addu-

185 2568 358 2614 cimus:
394 2566 630 2613 Einhardi
653 2565 853 2613 annales
879 2569 1026 2627 poeta
1062 2565 1197 2613 Saxo
1222 2565 1635 2628 Lamsprinyensis

185 2632 383 2690 Arnulfo
418 2637 647 2696 reqnante
682 2632 892 2680 versibus
926 2634 1163 2694 expressit.
