1754 3120
240 218 304 268 78
641 217 940 266 ElNHARDl
978 218 1264 267 ANNALES

239 356 328 388 suo
386 339 600 402 equestri
657 355 819 403 pugna
866 338 1135 403 confligere
1183 346 1414 406 conatus,
1466 341 1690 390 vincitur.

238 407 458 469 Cumque
489 412 540 452 ut
569 420 681 454 reus
700 406 972 455 maiestatis
997 405 1190 471 capitali
1223 405 1465 455 sententia
1491 407 1692 456 damna-

239 479 400 534 retur,
445 487 646 535 parsum
691 479 768 520 est
810 473 855 520 ei
890 471 1226 521 misericordia
1261 472 1599 538 imperatoris,
1643 481 1692 522 et

238 538 568 601 Ratumagum
595 538 740 586 exilio
773 540 1058 604 deportatus
1079 546 1168 587 est.
1226 540 1490 588 Transacta
1511 538 1691 604 hieme,

237 611 290 651 ut
327 604 539 669 primum
565 604 716 652 herba
743 606 976 669 pabulum
1003 605 1234 653 iumentis
1256 605 1496 670 praebere
1517 605 1692 672 potuit,

235 678 337 719 tres
390 670 458 718 illi
512 671 756 719 exercitus
820 680 989 719 contra
1041 671 1365 719 Liudewitum
1420 672 1690 722 mittuntur.

236 738 458 795 Quorum
505 753 631 784 unus
677 736 738 784 de
783 737 922 785 ltalia
968 752 1058 802 per
1101 737 1253 802 Alpes
1289 738 1517 802 Noricus,
1565 739 1692 787 alter

234 819 323 868 per
359 805 750 852 Cat-antanorum
786 803 1117 867 provinciam,
1172 803 1352 852 tercius
1397 819 1487 869 per
1520 803 1690 853 Baioa-

235 869 360 917 riam
414 876 464 917 et
511 870 812 917 Pannoniam
870 872 1177 936 superiorem
1224 870 1447 919 intravit:
1500 877 1550 919 et
1592 871 1689 920 duo

235 935 464 1000 quidem,
502 937 550 983 id
587 944 663 984 est
697 937 868 985 dexter
903 953 959 985 ac
994 937 1218 999 sinister,
1254 937 1442 986 tardius
1478 937 1688 1001 ingressi

235 1010 379 1066 sunt,
442 1018 500 1050 eo
554 1003 684 1067 quod
738 1019 864 1051 unus
917 1004 1114 1068 Alpium
1165 1004 1403 1066 transitu,
1470 1004 1688 1053 hostium

233 1084 383 1116 manu
419 1069 699 1133 resistente,
734 1070 1103 1135 prohibebatur,
1141 1071 1267 1118 alter
1302 1077 1351 1119 et
1383 1070 1689 1134 longitudine

232 1135 419 1183 itineris
469 1144 519 1185 et
561 1136 723 1184 Dravo
781 1136 983 1185 flumine
1029 1136 1159 1202 quod
1206 1136 1530 1186 traiciendum
1582 1143 1691 1186 erat

235 1201 602 1266 inpediebatur3
654 1203 848 1252 medius
894 1212 1088 1267 autem,
1137 1203 1217 1267 qui
1264 1219 1354 1268 per
1388 1204 1688 1252 carantanos

234 1267 473 1332 intrabat,
513 1285 811 1334 quamquam
848 1270 895 1316 in
934 1271 1087 1318 tribus
1126 1270 1245 1317 locis
1282 1270 1324 1317 ei
1356 1269 1688 1334 resisteretur,

234 1335 452 1382 feliciore
498 1352 615 1383 usus
654 1337 876 1399 fortuna,
928 1344 1004 1385 ter
1039 1337 1183 1384 hoste
1219 1343 1477 1400 superato,
1523 1335 1688 1384 Dravo

233 1401 384 1449 etiam
419 1403 739 1466 transmisso,
790 1403 1000 1451 celerius
1049 1403 1109 1450 ad
1147 1403 1391 1451 destinata
1435 1403 1543 1450 loca
1576 1418 1687 1468 per-

225 1469 379 1516 ·venit.
451 1469 632 1517 Contra
667 1470 790 1517 haec
826 1469 1121 1518 Liudewitus
1158 1469 1277 1516 nihil
1315 1468 1544 1533 molitus,
1581 1485 1687 1518 mu-

233 1534 417 1582 nitione
469 1542 657 1583 tantum
693 1536 881 1584 castelli
919 1537 1048 1600 quod
1093 1537 1141 1584 in
1179 1536 1333 1584 arduo
1369 1542 1539 1584 monte
1573 1551 1687 1584 con-

233 1607 506 1664 struxerat,
561 1618 615 1650 se
661 1617 876 1666 suosque
923 1603 1180 1666 continuit,
1233 1610 1283 1650 et
1318 1617 1410 1650 nec
1444 1601 1559 1649 belli
1593 1604 1688 1650 nec

232 1668 367 1732 pacis
414 1669 494 1716 vel
540 1685 628 1733 per
676 1669 999 1733 semetipsum
1047 1669 1127 1716 vel
1172 1684 1260 1734 per
1302 1669 1495 1731 legatos
1530 1668 1686 1717 ullum

233 1750 345 1781 cum
382 1734 452 1782 eis
477 1751 759 1783 sermonem
797 1735 1027 1783 habuisse
1053 1735 1239 1783 dicitur.
1292 1733 1546 1782 Exercitus
1565 1750 1686 1783 vero

231 1809 494 1865 postquam
530 1802 579 1848 in
615 1818 767 1848 unum
790 1809 1142 1863 convenerunt,
1178 1808 1333 1849 totam
1362 1815 1491 1866 pene
1526 1801 1686 1864 regio-

231 1883 346 1914 nem
395 1869 527 1915 ferro
577 1875 627 1916 et
674 1868 774 1932 igni
819 1869 1160 1931 devastantes,
1212 1866 1345 1915 haud
1400 1867 1502 1915 ullo
1546 1867 1686 1931 gravi

231 1933 410 1982 damno
457 1943 686 1999 accepto,
735 1935 938 1983 domum
986 1934 1172 1982 reversi
1210 1940 1337 1982 sunt.
1417 1933 1466 1981 Is
1499 1939 1684 1997 tamen,

231 2001 312 2064 qui
359 2016 448 2065 per
503 2003 805 2049 Pannoniam
861 2001 1166 2065 superiorem
1226 1999 1320 2047 iter
1366 2000 1580 2062 fecerat,
1633 2000 1684 2048 in

229 2069 438 2114 transitu
475 2067 622 2114 Dravi
654 2067 869 2114 fluminis
907 2082 965 2114 ex
1001 2067 1220 2114 locorum
1259 2073 1308 2114 et
1343 2081 1582 2130 aquarum
1612 2065 1683 2114 in-

229 2131 515 2181 salubritate
561 2133 707 2182 soluti
754 2133 937 2182 ventris
985 2132 1297 2180 incommodo
1346 2131 1565 2195 graviter
1599 2132 1683 2179 ad-

230 2201 388 2247 fectus
433 2207 532 2263 est,
586 2207 635 2247 et
680 2216 796 2264 pars
841 2200 945 2248 eius
994 2216 1091 2246 non
1138 2198 1335 2246 modica
1379 2198 1473 2246 hoc
1508 2197 1682 2247 morbo

228 2274 521 2330 consumpta
565 2274 654 2315 est.
732 2267 808 2314 Hii
857 2273 958 2315 tres
1006 2266 1250 2314 exercitus
1286 2264 1347 2312 de
1385 2263 1597 2313 Saxonia
1633 2271 1684 2313 et

230 2331 457 2380 orientali
504 2333 707 2380 Francia
752 2341 801 2382 et
846 2333 1164 2396 Alamannia,
1213 2331 1437 2379 Baioaria
1485 2346 1680 2396 quoque

228 2407 374 2462 atque
423 2399 563 2446 ltalia
610 2399 895 2463 congregati
943 2407 1069 2448 sunt.
1141 2397 1330 2457 Quibus
1367 2396 1570 2446 domum
1604 2413 1681 2445 re-

229 2465 412 2528 versis,
463 2462 807 2514 Carniolenses
855 2466 934 2530 qui
971 2466 1098 2513 circa
1132 2465 1318 2513 Savum
1353 2462 1559 2512 fluvium
1593 2463 1679 2511 ha-

229 2531 386 2579 bitant
421 2537 471 2578 et
504 2531 540 2578 F
544 2531 922 2581 oroiuliensibus
958 2547 1116 2598 paene
1152 2530 1370 2594 contigui
1405 2535 1534 2596 sunt,
1568 2524 1679 2577 Bal-

229 2597 363 2645 drico
410 2613 464 2645 se
502 2598 821 2662 dediderunt,
869 2599 1001 2646 idem
1038 2606 1086 2647 et
1121 2615 1234 2663 pars
1271 2598 1678 2660 Carantanorum,

230 2679 354 2727 quae
391 2665 453 2712 ad
488 2664 741 2714 Liudewiti
778 2673 943 2730 partes
969 2682 997 2713 a
1033 2664 1174 2712 nobis
1212 2664 1478 2726 defecerat,
1514 2662 1678 2711 facere
1751 2723 1754 2726 Α

230 2731 431 2779 curavit.
484 2731 675 2781 Foedus
710 2732 838 2781 inter
874 2748 964 2780 nos
1000 2739 1050 2780 et
1072 2731 1274 2795 Abulaz,
1309 2744 1482 2793 regem
1502 2728 1677 2794 Hispa·
1752 2752 1754 2754 ·
