1754 3120
496 182 796 233 ElNHARDl
834 180 1136 231 ANNALES.
1476 178 1541 214 VH

3 272 32 369 '
93 307 169 358 vel
204 307 413 358 maxime
456 305 730 354 historicum
775 304 942 352 deceat
982 303 1068 364 (cf.
1116 318 1151 349 e.
1187 318 1229 378 9.
1279 316 1407 348 anno
1445 301 1543 349 778

93 374 251 424 loetum
294 373 352 421 de
380 387 549 436 pugna
584 386 698 417 aim
748 369 1083 431 Wasconibus,
1130 370 1209 431 qui
1253 369 1418 416 statim
1462 367 1544 415 tibi

94 442 220 491 vitae
253 437 425 488 Karoli
456 441 604 499 caput
634 438 680 484 9.
726 438 774 483 in
817 441 1017 483 mentem
1051 435 1307 496 revocabit,
1344 451 1388 482 a
1425 435 1539 496 787,

4 503 13 513 ”
95 507 214 570 789,
245 505 359 567 792,
394 503 505 553 793.
540 503 871 550 narrationem
906 502 964 548 de
1003 501 1259 548 Tassilonis
1294 504 1451 564 ruina,
1488 501 1546 549 de

94 572 231 624 ω
238 569 464 632 Watzsco,
501 585 625 632 quae
659 573 703 616 et
737 584 840 631 cap.
872 568 935 616 12
969 568 1094 614 vitae
1124 567 1295 614 Karoli
1327 569 1546 629 habetur,

93 638 156 691 b
192 638 522 687 omnim-atione
561 635 837 683 Fasti-adae
883 633 1159 681 crudelitate
1202 636 1435 696 excitata,
1490 635 1547 682 de

91 702 280 756 haemi
297 703 584 766 Feliciana),
607 704 910 764 incorruptus
929 700 1124 764 denique
1156 702 1366 748 veritatis
1391 716 1547 762 amor,

95 770 299 821 annales
331 771 449 818 istos
483 784 631 832 aeque
666 784 727 815 ac
746 767 917 815 Karoli
937 766 1106 830 Maqni
1127 769 1272 814 vitam
1294 766 1481 814 Einhat
1483 767 1545 814 do

93 826 351 887 abdicant.
423 836 555 895 Quae
589 850 696 882 cum
730 836 799 881 ita
834 835 949 895 sint,
986 835 1033 880 in
1067 836 1224 890 fontes
1260 836 1417 896 operis
1451 849 1548 881 non

97 903 181 953 diu
211 901 538 967 inquirendum
574 903 675 948 erit.
745 900 887 948 Prior
925 900 1153 963 siquidem
1184 916 1308 962 pars
1341 899 1450 947 inde
1486 901 1549 947 ab

97 983 227 1020 mo
260 969 355 1018 741
405 968 474 1016 ad
516 976 727 1015 annum0
741 983 887 1030 usque
923 967 1020 1016 788
1065 967 1320 1014 annalibus
1353 967 1549 1013 Lauris·

97 1034 312 1087 sensibus
345 1037 533 1096 nititur,
569 1035 638 1081 ita
674 1039 857 1095 tamen,
892 1038 958 1095 ut,
995 1034 1258 1081 mendaciis
1291 1033 1365 1080 vel
1396 1034 1551 1080 minus

95 1106 222 1151 mate
268 1101 406 1150 dictis
456 1103 704 1163 correctis,
755 1102 924 1162 parvis
972 1102 1159 1148 omissis
1199 1105 1245 1147 et
1287 1100 1552 1147 maioribus

0 1187 4 1199 ¹
97 1167 291 1231 eddius,
326 1172 476 1216 totum
506 1183 627 1230 opus
652 1183 683 1215 a
720 1167 807 1214 tali
840 1169 941 1214 viro
963 1167 1209 1230 diliqenter
1241 1168 1550 1229 recoquitum,

97 1234 398 1287 emendatum
442 1235 695 1298 meliusque
742 1234 1048 1295 dispositum,
1102 1233 1247 1281 multo
1296 1235 1553 1295 perfectius

97 1300 209 1351 inde
241 1302 455 1350 evaserit.
522 1300 765 1348 Annorum
800 1317 911 1348 vero
937 1299 1217 1361 789-829,
1254 1300 1421 1362 quibus
1455 1301 1554 1361 ipse

100 1367 234 1430 reyni
279 1368 477 1428 neyoiiis
522 1382 554 1413 a
589 1366 772 1414 Karolo
819 1370 866 1414 et
906 1366 1185 1413 Hludowico
1234 1365 1472 1412 adhibitus
1510 1369 1557 1412 et

100 1434 151 1481 in
203 1444 390 1480 suinmo
451 1433 552 1487 fere
609 1434 806 1493 fastiqio
864 1437 1083 1479 versatus
1146 1435 1240 1492 est,
1302 1431 1554 1478 historiam

96 1499 307 1562 propriis
341 1499 568 1559 auspiciis
601 1497 814 1544 absolvit.
887 1497 1026 1555 Quod
1057 1512 1169 1544 num
1204 1499 1326 1544 inter
1358 1499 1465 1559 ipsa
1487 1499 1557 1544 rei

95 1563 317 1628 publicae
352 1563 767 1612 administrandae
798 1565 1005 1626 neqotia,
1044 1579 1108 1611 an
1138 1579 1228 1625 per
1263 1566 1410 1611 otium
1436 1564 1553 1611 Seli-

100 1630 413 1695 yemadense
445 1631 631 1692 fecerit,
677 1646 773 1678 non
807 1632 928 1678 satis
962 1632 1010 1678 in
1046 1632 1212 1692 aprico
1250 1635 1322 1678 est
1331 1649 1350 1691 ,-
1398 1633 1555 1694 maqis

102 1701 264 1747 tamen
296 1698 345 1745 in
367 1712 474 1745 eam
507 1701 698 1759 partem
731 1697 919 1759 inclino,
955 1701 1007 1744 ut
1030 1713 1119 1759 per
1137 1697 1351 1760 sinyulos
1386 1713 1555 1758 annos,

104 1763 219 1812 diam
250 1764 350 1826 ipse
382 1763 524 1810 rebus
556 1763 775 1825 yerendis
807 1779 991 1826 mayna
1035 1780 1093 1811 ex
1122 1768 1265 1825 parte
1296 1770 1555 1826 praeesset,

104 1830 351 1893 scripsisse
385 1830 658 1876 existimem.
716 1829 842 1876 Nam
877 1829 983 1876 licet
1017 1835 1062 1876 et
1088 1834 1203 1891 post
1235 1830 1558 1878 voluntariam

105 1909 265 1943 rerum
297 1894 619 1943 saecularium
655 1895 1032 1957 abdicationem,
1068 1900 1170 1942 tam
1198 1897 1376 1943 vivente
1411 1912 1557 1960 quam

11 1995 20 2007 .
106 1961 328 2019 defuncto
372 1961 650 2009 Hludowico
685 1960 924 2024 Auqusto,
972 1961 1112 2009 rebus
1141 1962 1344 2023 publicis
1386 1978 1437 2010 se
1471 1965 1558 2010 im-

104 2028 348 2076 miscuisse
399 2027 699 2090 exploratum
758 2028 1048 2090 habeamus,
1110 2028 1306 2091 ideoque
1357 2045 1443 2077 nec
1496 2030 1558 2076 ab

105 2093 305 2143 historia
347 2094 602 2142 scribenda
636 2099 900 2157 temperare
934 2094 1150 2142 debuisse
1184 2095 1448 2144 credendus
1481 2098 1557 2158 sit,

108 2164 269 2209 tamen
309 2161 360 2207 in
407 2161 661 2208 annalibus
707 2177 836 2208 anno
872 2162 971 2210 806
1006 2161 1064 2208 de
1099 2161 1369 2223 eclipsibus,
1418 2165 1560 2210 annis

109 2226 207 2276 823
253 2230 300 2274 et
338 2225 437 2275 825
485 2226 542 2274 de
585 2226 745 2289 puella
791 2227 1217 2275 Commerciacensi
1273 2229 1402 2276 dicta
1444 2231 1560 2291 ipsis

110 2293 252 2342 annis
286 2295 553 2355 composita
588 2309 689 2342 esse
724 2298 943 2355 apparet.
1024 2293 1240 2357 Dumque
1275 2295 1405 2342 circa
1439 2295 1559 2342 Rhe-

109 2373 223 2408 num
265 2360 512 2422 scripsisse
559 2375 613 2406 eo
655 2360 980 2423 intelliqimus,
1028 2360 1157 2423 quod
1203 2376 1333 2408 anno
1368 2361 1460 2410 821
1502 2362 1560 2409 de

228 2426 237 2436 ”
294 2427 546 2482 fluviorum
579 2428 628 2473 in
664 2426 823 2475 Gallia
857 2431 903 2474 et
936 2427 1222 2487 Germania,
1258 2427 1421 2490 Rheni,
1458 2428 1560 2476 Da-

109 2492 261 2554 nubii,
310 2491 439 2541 Albis
485 2509 546 2541 ac
589 2493 843 2557 Sequanae
889 2493 1096 2555 locutus,
1143 2494 1342 2542 adiiciat
1387 2497 1560 2557 „cuius

111 2558 348 2608 resolutio
397 2574 494 2607 non
539 2560 786 2608 modicum
834 2559 963 2609 villis
1010 2561 1142 2608 iuxta
1179 2561 1333 2609 Rheni
1374 2561 1559 2611 fluenta

113 2625 390 2675 constitutis
434 2625 668 2674 damnum
714 2627 929 2690 ἱηῑιιΙίῑ,ιι
975 2626 1065 2674 hoc
1108 2642 1203 2674 non
1248 2627 1563 2690 Seliqenstadi

114 2690 282 2753 finisse,
329 2696 555 2740 constans
598 2693 656 2741 de
692 2694 951 2742 Germania
999 2696 1139 2756 quasi
1182 2698 1316 2741 trans
1351 2694 1559 2742 Rhenum
