1754 3120
242 213 307 262 SS
657 212 959 261 EINHARDI
995 213 1286 263 ANNALES

241 335 449 383 Romani
498 334 740 399 pontificis
787 334 1098 400 praedicandi
1142 335 1302 399 gratia
1350 335 1411 383 ad
1455 338 1693 387 terminos

244 401 496 447 Danorum
533 409 836 465 accesserat,
886 409 935 450 et
979 409 1166 450 aestate
1205 401 1472 467 praeterita
1512 404 1695 453 multos

243 482 302 513 ex
340 467 411 514 eis
448 466 509 513 ad
545 466 694 515 fidem
729 468 985 516 venientes
1021 468 1383 533 baptizaverat,
1434 483 1694 532 regressus

244 539 333 580 est.
404 533 509 580 Hoc
544 550 671 581 anno
708 534 931 599 prodigia
967 535 1210 599 quaedam
1245 534 1466 583 extitisse
1494 550 1694 585 narran-

244 607 339 662 tur,
376 598 423 646 in
461 600 636 664 quibus
668 601 929 665 praecipua
956 602 1155 650 fuerunt
1181 602 1229 649 in
1259 603 1487 666 Aquense
1514 602 1696 667 palatio

243 673 404 714 terrae
439 674 622 729 motus,
658 674 706 714 et
743 667 789 713 in
827 668 1070 714 territorio
1101 668 1331 715 Tullense
1365 667 1499 716 iuxta
1526 668 1696 717 villam

245 730 696 781 Commerciacum¹
734 733 899 796 puella
934 733 1174 796 quaedam
1210 748 1452 782 annorum
1485 734 1591 782 fere
1634 735 1697 784 12

244 798 304 845 ab
342 799 474 846 omni
511 798 619 846 cibo
655 814 744 863 per
781 800 842 848 lo
877 814 1075 847 menses
1112 799 1379 848 abstinens.
1450 799 1581 848 Etin
1608 799 1693 850 Sa-

244 865 404 926 xonia,
440 865 488 911 in
526 881 655 930 pago
692 864 771 929 qui
810 874 1013 914 vocatur
1034 865 1286 930 Firihsazi‚
1323 867 1389 916 23
1410 866 1558 915 villae
1580 866 1696 931 igne

244 931 446 980 coelesti
483 939 851 994 concrematae,
900 939 950 980 et
995 933 1189 996 fulgora
1225 948 1402 980 sereno
1445 941 1590 997 atque
1625 933 1695 981 in·

243 997 403 1045 terdiu
440 997 501 1045 de
538 998 676 1046 coelo
713 998 950 1047 cadentia.
1021 1000 1082 1046 Et
1123 999 1169 1046 in
1207 1001 1375 1048 multis
1410 998 1696 1064 regionibus

246 1065 415 1127 fruges
451 1065 706 1128 grandinis
743 1066 1016 1114 vastatione
1052 1066 1272 1128 deletae,
1315 1072 1462 1130 atque
1507 1065 1555 1113 in
1592 1067 1695 1131 qui-

244 1130 451 1179 busdam
487 1131 606 1180 locis
642 1132 789 1179 simul
825 1148 937 1180 cum
973 1132 1080 1197 ipsa
1105 1132 1346 1195 grandine
1376 1133 1479 1181 veri
1504 1131 1695 1198 lapides

244 1205 390 1260 atque
428 1197 638 1260 ingentis
673 1198 906 1262 ponderis
942 1199 1170 1246 decidere
1205 1198 1325 1259 visi3
1364 1198 1540 1247 domus
1577 1215 1695 1263 quo-

244 1278 338 1327 que
374 1263 434 1310 de
471 1264 609 1311 coelo
654 1271 840 1324 tactae,
884 1265 1210 1328 hominesque
1257 1280 1314 1311 ac
1355 1271 1551 1312 caetera
1595 1266 1697 1314 ani-

243 1329 391 1377 malia
426 1330 612 1395 passim
649 1330 908 1377 fulminum
946 1330 1044 1379 ictu
1079 1338 1277 1394 praeter
1303 1330 1503 1380 solitum
1524 1331 1696 1380 crebro

242 1396 522 1444 exanimata
559 1396 796 1445 dicuntur.
877 1397 1057 1446 Secuta
1093 1405 1169 1446 est
1205 1397 1379 1460 ingens
1415 1397 1698 1462 pestilentia

244 1469 391 1526 atque
427 1462 683 1510 hominum
719 1463 1020 1524 mortalitas,
1069 1480 1193 1528 quae
1233 1480 1322 1529 per
1355 1470 1513 1512 totam
1547 1464 1695 1514 Fran·

243 1529 370 1576 ciam
414 1528 679 1577 inmaniter
726 1546 1075 1594 usquequaque
1110 1538 1337 1594 grassata
1380 1538 1486 1593 est,
1530 1538 1581 1579 et
1625 1531 1695 1580 in-

243 1611 502 1643 numeram
538 1595 794 1644 hominum
830 1597 1193 1645 multitudinem
1235 1596 1416 1645 diversi
1461 1612 1610 1646 sexus
1646 1606 1697 1647 et

243 1662 418 1710 aetatis
454 1662 747 1726 gravissime
782 1662 1048 1711 saeviendo
1084 1663 1401 1727 consumpsit.

345 1727 457 1778 824.
517 1730 617 1777 Rex
650 1729 980 1792 Bulgarorum
1005 1730 1247 1791 Omortag
1282 1730 1419 1776 velut
1452 1728 1588 1794 pacis
1623 1731 1694 1778 fa·

243 1794 444 1842 ciendae
480 1795 639 1858 gratia
675 1796 867 1858 legatos
905 1795 966 1842 ad
1003 1795 1354 1860 imperatorem
1382 1811 1492 1843 cum
1517 1795 1696 1846 litteris

242 1860 391 1926 misit,
429 1878 552 1925 quos
588 1862 671 1909 ille
708 1878 818 1909 cum
856 1862 1102 1925 audisset,
1140 1878 1197 1910 ac
1230 1861 1418 1911 litteras
1453 1877 1578 1926 quae
1613 1862 1697 1910 ad-

242 1928 371 1975 latae
419 1930 615 1976 fuerant
659 1928 892 1991 legisset,
938 1929 1009 1976 rei
1056 1929 1273 1977 novitate
1320 1945 1418 1976 non
1465 1929 1694 1977 inmerito

242 2003 524 2058 permotus,
569 1994 629 2042 ad
675 1995 1029 2059 explorandam
1065 1995 1349 2057 diligentius
1385 1995 1610 2043 insolitae
1645 2003 1696 2044 et

243 2077 513 2125 numquam
560 2061 693 2125 prius
738 2060 786 2107 in
837 2061 1091 2107 Franciam
1135 2061 1376 2108 venientis
1431 2061 1694 2124 legationis

242 2142 441 2175 causam
467 2127 797 2175 Machelmum
826 2127 1071 2190 quendam
1102 2126 1162 2174 de
1189 2126 1409 2174 Baioaria
1436 2142 1547 2174 cum
1574 2127 1694 2192 ipsis

241 2193 419 2256 legatis
467 2193 527 2240 ad
569 2200 900 2241 memoratum
937 2209 1106 2256 regem
1143 2193 1470 2256 Bulgarorum
1505 2193 1694 2243 direxit.

242 2260 436 2308 Interea
470 2260 664 2324 hiemps
700 2275 875 2324 aspera
913 2260 1151 2324 valdeque
1195 2259 1383 2324 prolixa
1427 2260 1573 2308 facta·
1601 2267 1693 2324 est,

242 2343 367 2391 quae
404 2343 500 2374 non
529 2327 690 2374 solum
721 2333 914 2374 caetera
946 2325 1192 2389 animalia,
1227 2342 1401 2373 verum
1427 2325 1576 2374 etiam
1605 2326 1693 2374 ho-

242 2394 400 2442 mines
438 2392 676 2457 quosdam
718 2392 1006 2441 inmanitate
1042 2392 1239 2456 frigoris
1276 2391 1488 2440 extinxit.
1556 2390 1694 2440 Luna

243 2460 423 2507 defecit
457 2461 502 2508 3.
532 2459 699 2507 Nonas
726 2459 868 2507 Mart.
895 2459 1017 2506 hora
1040 2459 1196 2506 noctis
1223 2459 1453 2506 secunda.
1523 2457 1590 2506 Su
1629 2473 1692 2522 po

243 2527 340 2574 dux
384 2524 658 2591 Spolitinus
705 2524 979 2574 decessisse
1026 2526 1290 2573 nuntiatur.
1376 2524 1548 2588 Legati
1596 2475 1692 2572 Ro·

243 2593 371 2640 inani
409 2591 651 2657 pontificis
675 2591 882 2639 Romam
919 2592 1150 2655 regressi,
1188 2592 1400 2639 eundem
1434 2590 1594 2639 valida
1622 2589 1692 2637 in·
1751 2630 1754 2631 γ

243 2660 474 2708 firmitate
520 2658 774 2706 detentum
819 2674 874 2706 ac
919 2659 1064 2707 morti
1101 2660 1198 2706 iam
1236 2658 1512 2724 proximum
1558 2656 1693 2704 inve-

247 2741 275 2778 1)
303 2740 515 2787 Commercy
542 2738 586 2773 ad
610 2737 759 2774 Mosam.

1747 2742 1754 2790 i

1739 2970 1754 3120 1
