1754 3120
225 198 289 244 72
637 192 937 242 ElNHARDl
973 191 1261 242 ANNALES

226 333 338 366 cum
384 317 652 391 imperator
698 315 758 363 ab
796 314 1032 377 ecclesia,
1080 321 1279 380 peracto
1322 329 1460 364 sacro
1496 314 1678 379 officio,

228 391 504 445 remearet,
568 382 730 446 lignea
794 380 1012 446 porticus
1063 397 1153 447 per
1204 395 1350 445 quam
1406 380 1680 445 incedebat,

228 467 340 498 cum
386 457 434 497 et
482 449 646 512 fragili
692 449 899 496 materia
954 456 1085 497 esset
1131 447 1415 511 aedificata,
1467 454 1519 496 et
1563 455 1680 497 tunc

228 517 325 563 iam
377 515 594 563 marcida
639 522 688 563 et
735 515 1041 580 putrefacta,
1087 530 1212 579 quae
1261 513 1678 577 contignationem

228 590 277 630 et
313 581 585 630 tabulatum
621 580 952 642 sustinebant
1001 587 1214 630 transtra
1252 580 1446 645 pondus
1482 578 1680 645 aliquod

229 649 359 696 fe11·e
396 666 492 696 non
531 655 758 722 possent
812 618 1120 694 incedentem
1165 648 1381 711 desuper
1415 647 1680 712 imperato-

228 730 335 763 rem
371 714 532 763 subita
569 714 707 761 ruina
743 728 855 759 cum
893 711 1066 775 viginti
1104 719 1152 760 et
1189 729 1247 760 eo
1274 713 1486 776 amplius
1522 713 1678 760 homi-

228 780 372 828 nibus
424 781 503 844 qui
551 796 646 827 una
700 778 834 827 ibant
880 778 941 825 ad
988 785 1173 827 terram
1227 793 1384 843 usque
1438 777 1679 844 deposuit.

229 847 322 905 Qui
360 863 500 894 casus
538 862 648 894 cum
685 846 948 911 plerosque
984 860 1043 892 ex
1080 845 1155 893 his
1191 845 1270 909 qui
1307 845 1455 893 simul
1486 844 1679 893 decide-

227 920 338 961 rant
372 913 589 976 graviter
624 912 911 976 adfecisset,
960 911 1028 958 illi
1065 917 1231 959 tamen
1268 910 1389 959 nihil
1424 911 1546 961 aliut
1580 911 1680 959 lae·

227 979 381 1027 sionis
444 979 631 1043 intulit,
700 986 898 1054 praeter
960 978 1091 1043 quod
1149 978 1322 1043 capulo
1375 977 1528 1041 gladii
1582 993 1679 1043 quo

227 1045 471 1094 accinctus
517 1016 652 1107 erat',
704 1045 790 1093 imi
827 1044 1039 1121 pectoris
1087 1060 1203 1110 pars
1238 1044 1437 1092 sinistra
1474 1050 1679 1094 contusa

227 1118 331 1175 est,
376 1120 424 1161 et
459 1113 591 1161 auris
627 1112 798 1159 dextra
835 1113 881 1159 in
919 1120 1060 1176 parte
1096 1111 1370 1176 posteriore
1406 1111 1679 1174 vulnerata,

228 1179 388 1225 femur
406 1194 598 1243 quoque
623 1178 852 1226 dextrum
872 1178 1126 1226 cuiusdam
1148 1177 1268 1241 ligni
1306 1177 1524 1242 pondere
1549 1177 1681 1226 iuxta

227 1243 428 1306 inguina
465 1245 719 1292 conlisum.
775 1245 875 1293 Sed
911 1245 1140 1293 instantia
1176 1243 1482 1292 medicorum
1518 1243 1599 1309 qui
1636 1243 1681 1292 ei

227 1326 396 1358 curam
459 1310 784 1374 adhibebant,
847 1326 1040 1358 summa
1104 1309 1355 1358 celeritate
1417 1310 1679 1358 convaluit.

227 1377 353 1424 Nam
398 1377 631 1426 vicesima
682 1385 947 1442 postquam
994 1377 1042 1424 id
1087 1376 1333 1425 acciderat
1376 1375 1455 1424 die
1502 1375 1681 1425 Novio-

227 1458 429 1505 magum
475 1445 751 1508 profectus,
806 1452 984 1492 venatu
1031 1458 1143 1491 sese
1180 1442 1453 1492 exercebat.
1539 1441 1681 1492 Unde

226 1524 484 1573 reversus,
533 1511 818 1572 generalem
856 1509 1024 1575 populi
1062 1509 1137 1558 sui
1174 1515 1472 1558 conventum
1505 1508 1679 1586 Aquis·

227 1575 367 1638 grani
404 1592 544 1624 more
582 1576 727 1624 solito
764 1576 957 1639 habuit,
993 1575 1042 1622 in
1078 1592 1174 1639 quo
1211 1575 1368 1623 filium
1402 1592 1548 1624 suum
1583 1576 1680 1641 pri-

225 1642 534 1705 mogenitum
555 1642 864 1692 Hlotharium
901 1642 1178 1703 coronavit,
1215 1650 1264 1690 et
1285 1641 1498 1690 nominis
1534 1649 1681 1707 atque

226 1708 418 1773 imperii
465 1710 539 1758 sui
587 1710 776 1758 socium
820 1709 911 1758 sibi
948 1708 1227 1770 constituit,
1275 1715 1498 1756 caeteros
1534 1723 1680 1771 reges

225 1776 501 1839 appellatos
565 1792 717 1823 unum
777 1774 1092 1840 Aquitaniae,
1162 1775 1372 1822 alterum
1426 1773 1680 1822 Baioariae

224 1841 479 1906 praefecit.
559 1843 815 1890 Conventu
859 1849 1088 1907 peracto,
1135 1856 1247 1889 cum
1281 1840 1463 1904 Vosegi
1498 1841 1680 1889 saltum

225 1908 436 1956 venandi
474 1909 631 1984 gratia
669 1916 888 1974 peteret,
925 1907 1097 1956 obvios
1135 1907 1305 1955 habuit
1339 1907 1532 1970 legatos
1557 1906 1680 1956 Leo-

226 1974 301 2022 nis
338 1974 675 2039 imperatoris,
721 1991 845 2039 quos
889 1990 1000 2022 cum
1050 1974 1096 2020 in
1135 1973 1460 2036 Ingilenheim
1494 1974 1679 2038 palatio

226 2041 359 2088 iuxta
395 2041 759 2103 Mogontiacum
806 2039 1056 2088 civitatem
1092 2039 1336 2103 audisset,
1384 2055 1441 2087 ac
1475 2039 1679 2103 legatio·

226 2122 341 2154 nem
393 2122 566 2155 εοιυιῃ
615 2123 711 2154 non
749 2107 893 2154 aliam
932 2122 1070 2169 esse,
1120 2107 1212 2154 nisi
1249 2122 1398 2169 quam
1434 2105 1680 2155 Nieiforus

225 2173 446 2221 eiusdem
468 2173 780 2237 imperatoris
800 2174 990 2236 legatus
1011 2172 1233 2237 proxime
1252 2172 1513 2237 adtulerat,
1547 2187 1680 2220 com-

224 2239 461 2304 perisset,
500 2241 725 2288 celeriter
761 2239 1013 2287 absolutos
1049 2238 1257 2300 dimisit,
1294 2246 1344 2288 et
1379 2255 1474 2303 quo
1512 2239 1680 2288 tende·

226 2307 310 2354 bat
345 2305 681 2371 proficiscitur.
769 2306 1104 2369 Nunciataque
1152 2305 1430 2353 defectione
1470 2305 1679 2353 Abodri-

225 2380 390 2420 torum
440 2381 489 2420 et
537 2372 825 2435 Sclaomiri,
880 2372 1140 2420 comitibus
1189 2378 1381 2419 tantum
1429 2371 1512 2436 qui
1545 2373 1678 2421 iuxta
1744 2356 1754 2399 Ξ

223 2439 388 2486 Albim
432 2439 481 2485 in
517 2438 762 2503 praesidio
799 2439 1018 2486 residere
1053 2437 1304 2501 solebant,
1353 2445 1409 2487 ut
1440 2438 1679 2487 terminos

227 2504 318 2553 sibi
368 2506 662 2553 commissos
699 2513 979 2568 tuerentur,
1032 2520 1121 2569 per
1155 2506 1376 2568 legatum
1413 2503 1677 2554 mandavit.

226 2573 384 2621 Causa
434 2572 723 2620 defectionis
772 2579 906 2635 erat,
955 2572 1085 2636 quod
1132 2572 1320 2634 regiam
1365 2578 1679 2636 potestatem,

225 2655 370 2703 quam
417 2638 661 2687 Sclaomir
716 2649 918 2686 eatenus
964 2646 1079 2703 post
1127 2646 1341 2686 mortem
1385 2638 1680 2686 Thrasconis

225 2706 361 2754 solus
398 2722 547 2771 super
582 2705 847 2754 Abodritos
884 2706 1100 2767 tenebat,
1137 2722 1248 2753 cum
1286 2703 1540 2768 Ceadrago
1577 2703 1678 2753 filio

1740 2411 1754 2497 ‚j

1735 2531 1754 2755 4
