1754 3120
273 215 338 264 80
687 215 985 264 ElNHARDl
1021 215 1308 265 ANNALES

273 334 619 398 constitutum,
664 344 712 384 et
759 337 853 384 hoc
895 337 1024 384 illius
1061 335 1231 385 limitis
1267 337 1528 401 praefectis
1564 337 1633 385 im
1670 351 1719 386 e-

272 409 432 448 ratum
470 409 558 449 est.
630 401 911 467 lterumque
950 411 1218 452 conventus
1256 418 1427 451 mense
1460 403 1588 452 Maio
1668 419 1718 451 o·

274 466 485 530 viomagi
531 467 785 516 habendus
834 468 1088 518 condictus
1134 476 1232 533 est,
1288 469 1591 534 comitesque
1637 468 1720 535 qui

270 533 385 580 illuc
422 533 645 583 venirent
679 535 914 599 deputati.
967 536 1035 584 Eo
1072 536 1282 584 domnus
1319 536 1589 601 imperator
1607 543 1721 600 post

271 599 384 647 festi
432 601 675 665 paschalis
721 602 1051 666 expletionem
1101 618 1190 667 per
1225 604 1417 651 Mosam
1453 601 1718 666 navigavit,

272 666 434 730 ibique
484 668 799 716 constitutam
849 669 988 715 annis
1041 668 1378 732 superioribus
1423 675 1570 734 atque
1606 683 1720 717 con-

269 733 502 797 scriptam
541 734 667 782 inter
702 733 830 781 lilios
869 749 986 782 suos
1023 734 1160 796 regni
1199 734 1516 799 partitionem
1551 750 1719 783 recen-

269 799 395 862 suit,
451 815 507 846 ac
562 799 849 848 iuramentis
897 799 1188 865 optimatum
1241 801 1322 864 qui
1376 808 1492 848 tunc
1542 800 1719 849 adesse

272 872 535 928 potuerant
561 866 894 929 confirmavit,
931 868 1270 932 susceptisque
1307 866 1489 915 ibidem
1512 866 1719 916 Pascha-

269 931 329 979 lis
365 931 570 980 Romani
618 932 861 998 pontificis
906 933 1110 997 legatis,
1151 934 1294 981 Petro
1329 932 1560 983 videlicet
1594 934 1718 983 Cen-

269 999 577 1047 tumcellensi
623 1000 855 1064 episcopo
903 1008 952 1048 et
986 1000 1151 1049 Leone
1186 1001 1578 1064 nomenclatore,
1625 998 1719 1048 eis-

269 1064 480 1129 demque
528 1066 753 1115 celeriter
800 1066 1064 1128 absolutis,
1118 1066 1377 1115 comitibus
1433 1066 1582 1115 etiam
1635 1066 1718 1130 qui

268 1131 495 1195 aderant,
556 1133 616 1180 ad
663 1133 1026 1198 expeditionem
1071 1132 1401 1181 Pannonicam
1444 1131 1718 1195 destinatis,

268 1197 374 1261 ipse
410 1199 665 1263 paululum
703 1200 767 1247 ibi
804 1207 1106 1262 remoratus,
1143 1199 1453 1263 Aquasgrani
1486 1214 1718 1247 reversus

268 1271 357 1312 est.
438 1265 497 1312 Et
533 1273 645 1329 post
678 1282 861 1330 paucos
905 1266 1010 1314 dies
1047 1281 1135 1330 per
1170 1266 1486 1313 Arduennam
1522 1266 1614 1314 iter
1649 1264 1718 1312 fa-

268 1331 424 1393 ciens,
461 1331 705 1380 Treveros
742 1349 796 1379 ac
832 1332 995 1380 Mettis
1031 1331 1188 1392 venit,
1225 1331 1437 1396 indeque
1472 1330 1719 1380 Rumerici

267 1397 526 1445 castellum
574 1405 778 1463 petens,
830 1399 1072 1462 reliquum
1119 1398 1290 1446 aestivi
1338 1397 1516 1446 caloris
1550 1405 1600 1447 et
1633 1413 1718 1446 au-

267 1464 423 1511 tumni
468 1465 724 1512 dimidium
774 1464 1120 1513 exercitatione
1165 1464 1419 1512 venatoria
1454 1463 1502 1512 in
1536 1463 1719 1527 Vosegi

267 1530 395 1577 saltu
445 1538 592 1594 atque
641 1532 845 1579 secretis
882 1531 1059 1594 exegit.
1147 1531 1340 1579 Interea
1376 1530 1567 1595 Borna,
1619 1529 1719 1578 dux

267 1596 539 1644 Dalmatiae
586 1604 734 1662 atque
770 1596 1058 1659 Liburniae,
1105 1597 1366 1645 defunctus
1402 1605 1505 1660 est,
1549 1603 1600 1645 et
1632 1611 1716 1662 pe-

268 1669 400 1710 tente
437 1664 619 1728 populo
664 1672 809 1727 atque
845 1663 1142 1728 imperatore
1189 1663 1527 1712 consentiente
1561 1678 1717 1728 nepos

265 1729 411 1793 illius,
447 1730 646 1778 nomine
669 1730 1015 1791 Ladasclavus,
1051 1745 1308 1778 successor
1341 1729 1386 1776 ei
1421 1728 1717 1778 constitutus

265 1803 354 1843 est.
434 1796 667 1844 Adlatum
714 1803 790 1844 est
838 1803 887 1844 et
932 1796 993 1843 de
1029 1803 1190 1843 morte
1225 1795 1404 1843 Leonis
1440 1794 1717 1845 Constanti·

266 1862 537 1926 nopolitani
573 1860 913 1927 imperatoris,
949 1862 1080 1927 quod
1107 1861 1468 1925 conspiratione
1503 1876 1716 1926 quorun-

265 1929 380 1976 dam
426 1930 720 1994 optimatum
775 1945 1006 1992 suorum,
1058 1936 1106 1976 et
1157 1927 1419 1992 praecipue
1464 1927 1715 1976 Michaelis

266 1995 460 2044 comitis
505 1996 917 2058 domesticorum,
970 1995 1017 2042 in
1077 1994 1182 2058 ipso
1231 1994 1413 2059 palatio
1457 1993 1522 2042 sit
1565 1993 1714 2043 inter-

264 2069 489 2126 emptus,
542 2063 621 2125 qui
677 2061 912 2124 suffragio
973 2060 1152 2108 civium
1197 2068 1246 2108 et
1289 2059 1715 2124 praetorianorum

265 2128 473 2175 militum
521 2128 680 2176 studio
728 2128 906 2176 infulas
955 2126 1147 2191 imperii
1195 2125 1473 2191 suscepisse
1521 2124 1712 2174 dicitur.

263 2195 557 2243 Fortunatus
610 2194 886 2259 patriarcha
938 2192 1205 2242 Gradensis
1259 2208 1371 2240 cum
1423 2208 1450 2240 a
1497 2189 1714 2257 quodam

264 2261 538 2326 presbitero
575 2277 682 2324 suo,
718 2260 918 2308 nomine
941 2260 1160 2323 Tiberio,
1196 2259 1323 2324 apud
1358 2258 1714 2324 imperatorem

265 2328 438 2376 fuisset
482 2335 767 2389 accusatus,
824 2327 953 2391 quod
1001 2326 1323 2374 Liudewitum
1377 2324 1439 2372 ad
1480 2340 1712 2390 perseve-

264 2395 473 2442 randum
508 2395 555 2442 in
591 2393 796 2459 perfidia
833 2410 927 2457 qua
963 2399 1194 2458 coeperat
1228 2392 1536 2456 hortaretur,
1575 2406 1713 2449 eum-

264 2476 357 2525 que
405 2460 464 2508 ad
511 2461 715 2509 castella
761 2476 849 2508 sua
893 2459 1158 2507 munienda
1204 2457 1418 2506 artifices
1463 2465 1514 2506 et
1547 2458 1747 2506 mura-'

263 2528 361 2575 rios
410 2526 649 2575 mittendo
686 2527 899 2588 iuvaret,
947 2533 997 2574 et
1039 2525 1100 2574 ob
1137 2526 1231 2573 hoc
1267 2523 1328 2572 ad
1363 2523 1601 2590 palatium
1637 2523 1710 2571 ire

264 2594 538 2655 iuberetur,
584 2593 772 2659 primo,
818 2593 952 2640 velut
1000 2592 1271 2641 iussionem
1298 2591 1616 2656 impleturus,
1659 2588 1710 2636 in
1746 2605 1749 2611 ·

263 2660 498 2709 Histriam
545 2661 795 2725 profectus
841 2667 943 2722 est,
998 2659 1112 2707 inde
1163 2658 1394 2707 simulato
1441 2655 1601 2705 reditu
1646 2654 1710 2703 ad
1740 2671 1747 2702 1

263 2727 482 2776 Gradum
519 2726 795 2789 civitatem,
833 2727 968 2774 nullo
1005 2741 1208 2774 suorum
1242 2730 1439 2789 praeter
1473 2738 1561 2772 eos
1597 2722 1745 2771 cumf-
