1754 3120
616 210 671 256 A.
708 210 821 259 806.
858 209 973 259 807.
1458 213 1522 261 53

0 335 5 402 Ἰ
67 337 213 449 me
249 329 489 393 Virginis,
532 329 648 376 luna
694 338 860 379 autem
896 330 944 379 in
980 330 1172 379 decima
1206 338 1345 380 sexta
1381 340 1522 397 parte

0 414 11 463 t,
95 430 98 434 Δ
181 396 308 459 ‘um3
352 396 448 446 hoc
493 403 659 443 autem
706 413 836 445 anno
885 397 1043 462 pridie
1086 398 1193 447 Kal.
1241 397 1382 446 Febr.
1429 400 1522 448 fuit

0 465 14 513 l·
66 462 187 514 hn-
220 462 412 512 decima
431 460 660 534 septima,
696 464 892 526 quando
928 464 1072 512 stella
1097 464 1226 512 Iovis
1262 465 1400 529 quasi
1429 482 1519 530 per

0 527 8 548 ²
67 544 184 579 enm
217 527 426 580 transire
461 543 565 575 visa
601 535 692 589 est,
729 535 780 575 et
815 530 860 578 3.
898 529 966 575 ld.
1003 528 1141 576 Febr.
1180 531 1270 579 fuit
1307 532 1518 597 eclypsis

67 593 386 653 ”Eup-odia
419 592 526 655 die,
563 600 724 642 stante
760 601 970 658 utroque
1006 595 1167 642 sidere
1198 596 1245 642 in
1283 598 1517 646 vicesima

0 658 236 792 a:
277 667 419 726 parte
464 660 677 724 Aquarii.
765 660 949 709 lterum
996 664 1039 711 4.
1086 662 1192 709 Kal.
1237 663 1376 711 Mart.
1426 665 1518 712 fuit

236 725 278 775 is
322 726 495 790 lunae,
541 733 591 774 et
626 735 962 792 apparuerunt
1004 728 1134 776 acies
1170 728 1344 776 eadem
1373 738 1516 778 nocte

31 801 32 804 ’
61 791 221 847 *aa
244 792 614 857 magnitudinis,
650 801 700 842 et
733 794 809 841 sol
838 793 974 842 stetit
1007 794 1055 841 in
1083 795 1339 843 undecima
1375 804 1515 860 parte

13 912 17 913 ⁷
60 856 295 924 fficium,
329 866 381 908 et
412 860 529 907 luna
564 859 614 907 in
649 859 907 908 undecima
942 868 1079 925 parte
1116 862 1342 924 Virginis.
1389 863 1513 910 Nam

62 925 294 977 &mua
326 925 556 974 Mercurii
595 927 671 974 16.
707 927 814 974 Kal.
851 927 1033 991 Aprilis
1068 927 1174 976 visa
1211 936 1287 976 est
1323 929 1369 975 in
1407 930 1513 976 sole

0 1021 2 1044 1
190 990 202 1000 “
223 1007 390 1057 ραι-νει
425 993 620 1040 macula
656 993 821 1056 nigra,
859 994 1113 1058 paululum
1149 995 1374 1059 superius
1407 1011 1510 1043 me-

59 1006 346 1114 mentro
382 1058 604 1107 eiusdem
628 1059 822 1122 sideris,
860 1076 984 1124 quae
1019 1077 1047 1107 a
1083 1060 1224 1120 nobis
1260 1069 1371 1109 octo
1405 1061 1511 1110 dies

59 1124 373 1190 minitat.
442 1125 543 1174 Sed
578 1126 771 1189 quando
809 1128 1024 1191 primum
1060 1126 1260 1175 intravit
1293 1129 1374 1175 vel
1411 1129 1509 1176 exi—

18 1252 22 1254 ·
57 1189 383 1256 &anubibus
410 1190 794 1257 impedientibus
819 1193 1025 1240 minime
1046 1201 1218 1241 notare
1245 1194 1509 1258 potuimus.

58 1254 249 1309 m
277 1274 452 1307 mense
485 1260 692 1322 Augusti
743 1260 819 1306 ll.
854 1260 960 1307 Kal.
996 1259 1247 1324 Septemb.
1297 1261 1508 1324 eclypsis

59 1322 207 1373 fiune
253 1324 387 1373 faeta
428 1332 506 1372 est
543 1325 667 1372 hora
702 1325 858 1373 noctis
894 1325 1068 1388 tertia,
1121 1327 1226 1374 sole
1263 1327 1422 1390 posito
1460 1327 1508 1374 in

37 1389 230 1454 'pinta
247 1398 385 1456 parte
403 1390 613 1453 Virginis
640 1399 689 1439 et
718 1393 833 1439 luna
859 1392 909 1439 in
929 1392 1096 1456 quinta
1123 1401 1264 1456 parte
1283 1393 1506 1441 Piscium.

57 1455 238 1521 Sieque
288 1456 350 1504 ab
394 1457 507 1505 anni
552 1458 821 1523 superioris
874 1458 1188 1524 Septembrio
1237 1475 1391 1523 usque
1443 1459 1506 1506 ad

55 1523 488 1588 anni-praesentis
535 1524 903 1589 Septembrium
955 1533 1032 1574 ter
1083 1526 1198 1572 luna
1247 1525 1506 1574 obscurata

0 1595 3 1607 ¹
54 1595 133 1639 αἱ
163 1596 217 1638 et
249 1589 327 1638 sol
359 1590 528 1638 semel.
615 1590 917 1652 Radbertus,
953 1592 1136 1639 missus
1172 1590 1504 1656 imperatoris,

53 1654 234 1720 quide
258 1655 449 1704 oriente
485 1656 838 1721 revertebatur,
875 1658 1136 1707 defunctus
1159 1666 1251 1720 est,
1289 1667 1339 1706 et
1370 1659 1503 1722 lega-

52 1727 136 1771 tus
166 1722 302 1785 tegis
337 1722 627 1786 Persarum,
672 1724 871 1772 nomine
905 1724 1142 1786 Abdella,
1186 1742 1297 1772 cum
1333 1741 1503 1773 mona-

53 1786 161 1836 chis
192 1787 257 1836 de
291 1787 634 1852 Hierusalem,
681 1790 763 1854 qui
807 1790 1057 1852 legatione
1093 1792 1314 1839 Thomae
1355 1792 1502 1855 patri-

52 1853 233 1903 archae
267 1854 626 1919 fungebantur,
680 1872 890 1920 quorum
919 1856 1136 1904 -nomina
1174 1858 1311 1904 fuere
1348 1859 1503 1906 Geor-

50 1919 166 1984 gius
208 1927 261 1968 et
308 1920 442 1969 Felix
492 1922 591 1984 [hic
636 1923 881 1986 Georgius
937 1932 1012 1972 est
1065 1922 1190 1970 abba
1237 1923 1285 1970 in
1333 1932 1503 1973 monte

52 1985 252 2050 oliveti,
287 1994 339 2036 et
372 1988 447 2035 cui
483 1988 640 2052 patria
669 1989 934 2037 Germania
971 1998 1061 2052 est,
1099 1989 1178 2053 qui
1217 1990 1365 2038 etiam
1391 2007 1503 2056 pro-

47 2051 160 2129 prio
201 2059 408 2102 vocatur
450 2054 648 2102 nomine
693 2054 992 2118 Egilbaldus.
1062 2054 1177 2102 Αηη.
1222 2056 1390 2118 Lamn]
1440 2057 1501 2104 ad

50 2126 403 2185 imperatorem
439 2130 787 2185 pervenerunt,
823 2138 1029 2170 munera
1057 2122 1339 2171 deferentes
1376 2139 1503 2187 quae

49 2185 332 2252 praedictus
379 2202 464 2234 rex
500 2187 785 2251 imperatori
821 2187 1052 2250 miserat,
1100 2188 1148 2235 id
1185 2196 1260 2236 est
1296 2190 1501 2253 papilio-

50 2267 167 2301 nem
207 2259 260 2301 et
304 2253 517 2301 tentoria
560 2252 667 2301 atrii
714 2253 868 2301 mirae
912 2253 1265 2316 magnitudinis
1311 2263 1359 2302 et
1394 2256 1500 2319 pul·

36 2318 367 2381 'chritudini83
403 2326 545 2368 erant
579 2319 711 2367 enim
747 2321 911 2369 omnia
948 2319 1159 2383 bissina,
1200 2328 1303 2368 tam
1340 2328 1498 2369 tento·

51 2384 125 2435 ria
169 2401 318 2451 quam
361 2393 411 2435 et
457 2387 600 2434 funes
637 2402 837 2451 eorum,
883 2386 1092 2435 diversis
1139 2386 1288 2435 tincta
1325 2388 1501 2435 colori-

50 2451 159 2501 bus.
249 2451 464 2501 Fuerunt
521 2461 779 2518 praeterea
832 2470 1037 2502 munera
1098 2452 1307 2518 praefati
1369 2454 1500 2517 regis

50 2517 199 2585 pallia
245 2517 390 2569 sirica
437 2519 591 2568 multa
637 2528 686 2568 et
729 2520 978 2584 preciosa,
1032 2528 1080 2568 et
1125 2519 1304 2568 odores
1352 2527 1500 2585 atque

50 2593 302 2649 unguenta
337 2593 387 2633 et
424 2585 728 2646 balsamum,
776 2602 966 2634 necnon
1004 2595 1053 2635 et
1089 2586 1402 2649 horologium
1440 2604 1499 2634 ex

49 2651 292 2701 auricalco
337 2659 444 2700 arte
490 2653 774 2701 mechanica
822 2652 1027 2701 mirifice
1063 2652 1404 2718 conpositum,
1451 2653 1499 2700 in

50 2733 147 2783 quo
182 2717 441 2768 duodecim
479 2719 710 2767 horarum
750 2735 921 2769 cursus
961 2719 1021 2768 ad
1059 2718 1352 2784 clepsidram
1392 2735 1498 2768 ver-
