1754 3120
602 192 656 239 A.
694 190 975 240 794—796.
1450 195 1514 242 39

61 310 341 363 munium
363 318 457 373 est,
483 311 765 376 witzinum,
800 328 971 376 regem
997 311 1363 375 Abodritorum,
1398 327 1512 360 cum

66 377 236 429 Affim-
262 378 517 441 traiceret,
550 377 599 426 in
634 378 898 443 dispositas
933 396 962 428 a
998 378 1273 428 Saxonibus
1309 377 1513 427 insidias

62 445 114 495 in
158 445 267 510 ipso
313 443 517 493 flumine
563 443 821 508 incidisse,
874 452 925 494 et
960 446 1022 494 ab
1057 446 1130 495 eis
1166 461 1278 494 esse
1313 444 1513 494 interfe-

63 518 213 561 ctum.
259 510 426 570 ,011οά
457 509 643 557 factum
667 509 832 558 animo
868 513 1002 574 regis
1037 512 1099 559 ad
1123 511 1347 560 Saxones
1369 512 1515 560 citius

65 577 386 628 dubii-ndns
420 576 558 624 velut
591 576 833 640 quosdam
863 576 1093 625 stimulos
1128 577 1342 641 addidit,
1379 587 1431 627 et
1464 579 1514 627 in

64 642 233 698 *Ι
282 641 503 709 perfidae
561 643 724 705 gentis
782 644 993 709 amplius
1036 643 1278 692 excitavit.
1361 645 1514 692 Terra

59 708 218 826 aa*
244 724 428 773 magua
465 725 524 758 ex
561 717 700 774 parte
735 717 958 774 vastata,
993 718 1043 759 et
1074 709 1357 772 obsidibus,
1391 726 1515 774 quos

60 793 62 798 2
182 774 459 838 stiusserat,
502 776 830 841 acceptis,‘in
866 777 1120 825 Franciam
1155 791 1386 824 reversus
1423 783 1513 823 est.

0 867 2 869 >
63 840 250 893 harinae
282 842 611 909 expeditione,
646 843 764 890 dum
799 850 960 892 castra
996 859 1148 909 super
1166 843 1329 891 Albim
1364 842 1514 891 habe·

62 916 163 975 rut,
192 917 436 958 venerunt
469 909 532 956 ad
566 924 681 957 eum
717 909 866 972 legati
902 910 965 958 de
990 910 1240 958 Pannonia
1275 910 1420 957 unius
1454 925 1515 956 ex

62 975 364 1093 :finitoribus
389 975 663 1039 Hunorum,
700 977 780 1040 qui
817 977 948 1042 apud
983 993 1101 1025 suos
1128 974 1334 1024 Tudun¹
1371 991 1515 1023 voca·

128 1047 224 1092 ur.
309 1043 357 1092 ls
402 1050 453 1091 et
487 1059 632 1091 suum
678 1043 970 1106 adventum,
1019 1051 1157 1092 etse
1193 1041 1514 1090 christianum

62 1108 174 1160 &ri
196 1109 326 1159 velle
360 1110 599 1174 promisit.
652 1109 755 1158 Rex
781 1118 945 1159 autem
966 1109 1273 1174 Aquasgrani
1295 1109 1515 1171 veniens,

62 1175 288 1227 cibaret
328 1192 457 1225 auno
502 1177 783 1242 superiore,
837 1177 903 1225 ibi
954 1176 1262 1242 temporibus
1314 1175 1418 1224 suis
1466 1182 1518 1223 et

60 1242 510 1294 attuiemlbmini
560 1252 610 1293 et
642 1244 827 1310 pascha
862 1243 1141 1293 celebravit.

39 1393 42 1396 ⁴
101 1327 107 1335 ’
161 1335 276 1386 796.
323 1334 536 1398 Romae,
582 1335 831 1383 Hadriano
876 1335 1136 1397 defuncto,
1187 1333 1287 1380 Leo
1325 1330 1516 1398 pontifi-

64 1406 231 1451 catum
272 1400 519 1466 suscepit,
563 1409 613 1450 et
659 1417 775 1452 mox
821 1417 911 1466 per
957 1402 1148 1465 legatos
1192 1416 1310 1448 suos
1351 1399 1515 1446 claves

63 1466 390 1533 confessionis
425 1467 580 1516 sancti
617 1468 746 1518 Petri
788 1484 845 1516 ac
878 1469 1114 1516 vexillum
1149 1467 1400 1514 Romanae
1435 1481 1515 1512 ur·

62 1532 141 1597 bis
174 1550 288 1584 cum
322 1531 431 1582 aliis
466 1534 751 1582 muneribus
785 1535 892 1597 regi
927 1533 1091 1596 misit,
1139 1532 1427 1596 rogavitque
1449 1539 1517 1593 *ut

61 1594 277 1670 aliquem
310 1600 372 1649 de
407 1600 511 1649 suis
546 1599 862 1666 optimatibus
899 1601 1105 1650 Romam
1142 1601 1387 1663 mitteret,
1434 1598 1515 1663 qui

63 1662 300 1736 populum
321 1667 596 1716 Romanum
629 1668 690 1715 ad
726 1683 866 1716 suam
903 1667 1052 1716 fidem
1089 1675 1233 1732 atque
1254 1665 1515 1714 subiectio-

63 1734 188 1783 nem*
248 1749 304 1783 er
338 1741 647 1783 sacramenta
691 1734 926 1783 firmaret.
996 1735 1177 1783 Missus
1213 1739 1290 1782 est
1326 1732 1387 1780 ad
1423 1733 1518 1779 hoc

65 1750 399 1870 Anguem-tus,
435 1799 588 1848 abbas
623 1800 907 1849 monasterii
943 1800 1096 1848 sancti
1131 1798 1390 1862 Richarii2,
1427 1814 1517 1862 per

64 1880 213 1935 quem
263 1866 415 1915 etiam
470 1874 586 1915 tunc
638 1865 699 1914 ad
750 1875 974 1915 sanctum
1030 1867 1229 1914 Petrum
1281 1880 1515 1928 magnam

63 1927 255 2001 partem
299 1932 546 1995 thesauri,
601 1947 747 1996 quem
793 1933 963 1981 Ericus
1007 1933 1104 1980 dux
1147 1930 1515 1993 Foroiuliensis,

63 1998 275 2079 spoliata
317 1999 576 2047 Hunorum
625 1998 762 2062 regia
805 2015 930 2063 quae
966 1999 1183 2062 Hringus
1227 1998 1515 2059 vocabatur,

6 2115 14 2132 „
64 2058 242 2130 oofiem
289 2081 416 2114 anno
475 2065 581 2128 regi
625 2065 686 2112 de
738 2065 986 2113 Pannonia
1037 2065 1307 2129 detulerat,
1363 2064 1514 2127 misit,

0 2134 11 2149 ‘
64 2132 310 2199 reliquum
343 2147 462 2179 vero
499 2132 625 2180 inter
659 2131 924 2196 optimates
960 2139 1010 2180 et
1046 2132 1229 2180 aulicos
1270 2139 1514 2180 caeteros·

64 2198 245 2266 quein
280 2198 464 2264 palatio
509 2214 598 2245 suo
635 2197 902 2246 militantes
938 2197 1128 2245 liberali
1165 2214 1314 2245 manu
1351 2197 1514 2246 distri-

65 2265 182 2317 buit.
230 2266 408 2330 ,Atque
443 2264 520 2312 his
557 2262 793 2329 expletis,
830 2264 935 2328 ipse
973 2279 1085 2312 cum
1121 2264 1335 2312 exercitu
1365 2264 1513 2311 Fran-

64 2330 518 2383 corum'Saxoniam
555 2329 711 2397 petiit,
746 2331 1004 2397 Pippinum
1034 2346 1153 2378 vero
1189 2329 1345 2378 filium
1370 2345 1514 2378 suum

66 2412 179 2449 cum
212 2397 393 2447 Italicis
439 2414 497 2446 ac
527 2397 792 2446 Baioaricis
828 2397 981 2463 copiis
1022 2397 1070 2445 in
1104 2395 1406 2445 Pannoniam
1443 2395 1514 2443 ire

0 2499 3 2503 -
66 2463 219 2530 iussit.
305 2464 366 2514 Et
400 2464 507 2530 ipse
541 2464 767 2531 quidem,
813 2464 1028 2514 Saxonia
1063 2480 1122 2512 ex
1157 2480 1339 2527 magna
1376 2469 1513 2528 parte

0 2546 13 2583 ῖ
68 2537 290 2596 vastata,
353 2530 414 2579 ad
475 2531 793 2580 hiemandum
855 2530 1163 2596 Aquasgrani
1225 2530 1514 2591 revertitur,

5 2656 11 2671 ²
71 2656 104 2702 1)
127 2655 259 2694 Tudnn
283 2668 417 2692 nomon
442 2657 645 2704 digamus,
670 2670 743 2694 non
768 2657 945 2699 hominis,
979 2657 1076 2704 quod
1101 2662 1136 2692 et
1160 2661 1283 2691 noster
1308 2654 1446 2694 innuit;
1470 2652 1517 2688 cs.

68 2703 267 2743 lli-terim
292 2706 489 2742 miscellam
515 2717 595 2753 pag.
626 2708 704 2744 14⁴.
826 2705 862 2751 2)
887 2704 926 2742 S.
951 2704 1123 2753 Riquier,
1151 2704 1196 2739 ad
1220 2704 1310 2739 ostia
1337 2701 1518 2739 Summe.
