1754 3120
218 195 282 244 66
637 190 934 239 ElNHARDi
975 187 1258 236 ANNALES

221 315 316 364 sim
362 330 421 362 ex
466 314 599 362 omni
649 313 900 360 Danorum
946 318 1077 359 terra
1124 307 1434 374 popularium
1481 307 1673 370 turmis,

222 381 487 430 commisso
519 395 628 427 cum
661 378 732 426 eis
767 378 973 443 proelio,
1011 376 1158 425 etiam
1195 390 1348 437 regno
1386 390 1481 423 nou
1518 373 1675 423 multo

223 464 309 495 eos
346 446 515 494 labore
553 445 858 510 pepulerunt.
943 442 1127 492 Mauris
1162 442 1224 490 de
1261 439 1461 490 Corsica
1495 439 1675 491 adfli-

223 512 446 578 spaniam
495 528 608 560 cum
644 512 801 560 multa
848 509 1032 575 praeda
1067 507 1387 556 redeuntibus
1436 506 1675 570 lrminga-

223 580 354 642 rius,
407 594 575 627 comes
626 574 1024 642 Emporitanus¹.,
1089 575 1136 623 in
1191 572 1423 622 Maiorica
1475 572 1678 622 insidias

223 645 405 711 posuit,
441 653 490 693 et
525 651 636 692 octo
675 658 827 691 naves
863 658 1035 689 eorum
1072 641 1218 704 cepit,
1253 640 1302 687 in
1328 638 1505 703 quibus
1541 638 1679 703 quin-

224 718 401 775 gentos
438 719 487 759 et
523 727 582 758 eo
619 709 831 773 amplius
852 708 1034 756 Corsos
1070 705 1291 770 captivos
1327 705 1526 754 invenit.
1574 705 1680 753 Hoc

225 777 382 826 Mauri
430 777 677 823 vindicare
724 776 972 836 volentes,
1028 769 1422 821 Centumcellas²
1472 770 1680 820 Tusciae

226 844 473 891 civitatem
510 850 559 890 et
583 839 815 890 Niceam³
848 839 1130 906 provinciae
1154 836 1489 886 Narbonensis
1518 845 1679 886 vasta·

227 917 416 958 verunt.
486 908 765 957 Sardiniam
801 923 995 972 quoque
1031 905 1280 969 adgressi⁷
1316 903 1681 969 commissoque

227 991 340 1023 cum
374 975 544 1024 Sardis
581 975 798 1039 proelio,
846 973 972 1039 pulsi
1009 988 1065 1020 ac
1099 972 1241 1031 victi„
1277 978 1326 1019 et
1361 970 1531 1020 inultis
1566 986 1679 1020 suo-

227 1059 338 1090 rum
385 1042 608 1102 amissis,
662 1047 987 1090 recesserunt.
1073 1041 1135 1087 At
1171 1037 1376 1086 Michael
1411 1037 1681 1101 imperator

228 1109 468 1171 Bulgaros
506 1108 635 1156 bello
673 1108 936 1173 adpetens,
990 1105 1119 1153 haud
1156 1104 1408 1170 prosperis
1443 1102 1680 1152 successi-

228 1175 320 1222 bus
356 1174 530 1238 utitur,
574 1191 632 1222 ac
666 1174 872 1240 proinde
907 1173 1110 1221 domum
1147 1186 1406 1232 reversus,
1454 1169 1680 1235 deposito

229 1240 509 1288 diademate
544 1241 815 1288 monachus
851 1239 1086 1299 efficitur3
1124 1238 1173 1285 in
1209 1238 1347 1285 cuius
1382 1237 1546 1284 locum
1562 1235 1680 1299 Leo,

228 1306 418 1354 Bardae
454 1306 644 1371 patricii
679 1306 833 1369 filius,
883 1305 1151 1370 imperator
1187 1302 1510 1364 constituitur.
1560 1303 1682 1351 Cru-

231 1389 364 1435 mas,
403 1389 490 1420 rex
524 1373 880 1436 Bulgarorum,
915 1371 995 1436 qui
1022 1370 1293 1418 Niciforum
1330 1369 1682 1433 imperatorem

231 1447 344 1487 ante
380 1439 503 1487 duos
527 1456 683 1488 annos
706 1439 975 1500 interfecit7
1014 1445 1063 1486 et
1086 1436 1377 1485 Michaelem
1413 1434 1477 1483 de
1497 1434 1684 1485 Moesia

233 1505 448 1568 fugavit,
485 1506 713 1554 secundis
749 1506 897 1554 rebus
933 1506 1093 1553 elatus
1130 1519 1240 1550 cum
1277 1501 1492 1551 exercitu
1526 1516 1684 1566 usque

232 1572 293 1620 ad
329 1571 489 1636 ipsam
525 1571 1001 1636 Constantinopolim
1038 1569 1271 1630 accessit,
1319 1577 1369 1618 et
1403 1568 1538 1616 iuxta
1574 1583 1685 1632 por-

234 1647 335 1687 tam
371 1637 580 1686 civitatis
617 1646 776 1687 castra
814 1637 990 1702 posuit.
1060 1637 1219 1694 Quem
1257 1633 1516 1683 moenibus
1550 1632 1686 1682 urbis

233 1705 598 1768 obequitantem
634 1704 734 1752 Leo
771 1704 1063 1769 imperator,
1109 1700 1366 1765 eruptione
1412 1700 1568 1761 facta,
1611 1698 1685 1748 in-

233 1779 431 1818 cautum
481 1771 697 1835 excepit,
748 1779 796 1818 et
838 1769 1055 1833 graviter
1099 1767 1415 1814 vulneratum
1450 1764 1686 1828 fugiendo

234 1837 325 1886 sibi
361 1838 620 1885 consulere
666 1852 722 1885 ac
756 1836 963 1901 patriam
1001 1833 1209 1898 turpiter
1244 1833 1406 1880 redire
1442 1831 1620 1895 coegit.

333 1902 446 1951 814.
499 1903 721 1951 Domnus
742 1904 921 1951 Karlus
946 1902 1216 1965 imperator
1251 1899 1370 1947 dum
1392 1897 1688 1963 Aquisgrani

236 1970 492 2032 hiemaret,
530 1986 657 2017 anno
678 1970 852 2018 aetatis
888 1967 1080 2016 circiter
1103 1965 1472 2030 septuagesimo
1507 1963 1687 2030 primo,

235 2036 374 2098 regni
398 2043 563 2084 autem
583 2035 963 2099 quadragesimo
988 2032 1218 2097 septimo,
1242 2031 1573 2095 subactaeque
1592 2030 1687 2080 lta-

238 2103 331 2149 liae
357 2101 736 2165 quadragesimo
770 2101 939 2161 tertio7
967 2116 1026 2147 ex
1058 2116 1153 2163 quo
1186 2114 1303 2146 vero
1333 2097 1609 2162 Imperator
1638 2103 1690 2146 et

237 2169 487 2230 Augustus
532 2169 807 2231 appellatus
853 2175 930 2215 est
977 2182 1104 2213 anno
1151 2164 1342 2213 decimo
1390 2170 1592 2228 quarto,
1639 2162 1687 2211 5.

238 2235 342 2282 Kal.
366 2233 504 2281 Febr.
542 2234 691 2281 rebus
726 2233 955 2281 humanis
992 2232 1213 2281 excessit.
1273 2230 1422 2280 Cuius
1458 2230 1529 2279 rei
1565 2245 1689 2278 nun·
1752 2244 1754 2246 ·

239 2301 365 2348 cium
402 2316 514 2348 cum
538 2300 850 2348 Hiudowicus
886 2299 1016 2347 filius
1052 2299 1157 2346 eius
1193 2298 1240 2346 in
1276 2296 1536 2361 Aquitania
1558 2312 1586 2345 a
1624 2295 1689 2344 ud

240 2365 558 2415 Tedoadum·²
605 2366 797 2428 villam,
845 2365 926 2413 ubi
977 2372 1026 2413 et
1073 2364 1178 2429 ipse
1223 2371 1341 2413 tunc
1382 2312 1689 2425 hibernabat,

241 2434 465 2498 plurimis
518 2433 854 2480 deferentibus
903 2430 1199 2495 accepisset,
1254 2429 1503 2478 tricesimo
1556 2435 1690 2494 post·
1748 2436 1754 2494 'j

240 2515 388 2564 quam
435 2498 483 2546 id
520 2498 765 2547 acciderat
811 2498 890 2545 die
924 2496 1229 2561 Aquasgrani
1266 2497 1428 2559 venit,
1470 2510 1690 2544 summo·

241 2583 335 2631 que
371 2565 594 2614 omnium
638 2566 938 2614 Francorum
985 2579 1230 2612 consensu
1266 2579 1324 2612 ac
1357 2564 1528 2612 favore
1562 2561 1692 2627 patri

244 2667 275 2712 1)
300 2666 472 2714 oppidum
498 2666 606 2703 hodie
631 2665 827 2714 Ampurias
854 2673 1011 2703 vocatur.
1087 2665 1122 2711 2)
1143 2663 1444 2702 civim-voconia.
1519 2661 1554 2710 3)
1572 2660 1693 2700 Nina.

242 2716 275 2759 4)
303 2715 408 2751 Doue
432 2726 546 2762 prope
573 2714 712 2751 Semur.

1742 2710 1754 2808 ἒ

1731 2950 1754 3120 1
