1754 3120
279 240 339 288 16
686 236 986 286 ElNHARDl
1025 238 1312 288 ANNALES

272 367 404 409 stere
440 358 601 407 conati
637 366 779 423 sunt,
829 358 1129 424 interfectis,
1173 375 1286 408 cum
1320 359 1517 425 ingenti.
1543 365 1726 431 praeda

271 441 532 490 regressus
567 431 655 473 est.
1456 466 1458 473 ,
1518 465 1523 470 Α
1578 454 1634 479 ,,,,
1720 439 1725 446 ·

373 492 484 542 775.
531 491 656 541 Cum
690 507 775 540 rex
812 492 862 540 in
887 492 1015 541 villa
1037 492 1281 542 Carisiaco
1315 492 1724 559 hiemi-eumon-

273 558 438 607 silium
474 557 605 621 iniit,
650 565 704 608 ut
738 558 979 624 perfidam
1014 575 1071 608 ac
1106 559 1434 624 foedifragam
1471 561 1725 613 Saxonum

271 633 477 690 gentem
509 623 641 673 bello
677 625 1059 689 adgrederetur,
1107 633 1157 675 et
1200 642 1260 675 eo
1304 643 1461 692 usque
1484 638 1727 705 perseve-

271 700 426 755 raret,
474 692 592 740 dum
636 699 721 740 aut
765 691 881 739 victi
931 691 1228 740 christianae
1273 693 1726 756 religion-..subice-

271 767 470 823 rentur,
518 766 603 806 aut
646 757 846 806 omnino
883 758 1187 806 tollerentur.
1271 758 1725 827 Habitoqu'evnpud

271 826 474 874 Duriam
515 825 685 874 villam
728 825 948 887 generali
993 831 1265 889 conventu,
1311 825 1485 875 Rheno
1530 842 1726 893 quoque

270 891 582 955 transmisso,
620 907 733 939 cum
760 890 878 940 totis
902 891 1042 954 regni
1068 890 1252 939 viribus
1274 890 1726 960 Saxoniamipetiit,

271 967 321 1008 et
357 958 516 1025 primo
554 958 723 1007 statim
758 956 946 1023 impetu
982 956 1332 1021 Sigiburgum¹
1376 967 1625 1026 castrum,
1676 961 1726 1009 in

271 1042 367 1091 quo
421 1025 671 1074 Saxonum
722 1024 1024 1089 praesidium
1060 1032 1193 1087 erat,
1235 1026 1503 1090 pugnando
1550 1027 1724 1092 coepit.

270 1091 642 1156 Aeresburgum
668 1091 799 1139 aliud
819 1099 1036 1140 castrum
1073 1107 1101 1139 a
1120 1090 1397 1140 Saxonibus
1420 1091 1728 1143 destructum

270 1159 503 1223 munivit,
557 1165 607 1206 et
651 1158 699 1205 in
748 1175 807 1207 eo
852 1159 1153 1207 Francorum
1198 1158 1502 1222 praesidium
1547 1160 1725 1225 posuit.

273 1226 392 1274 lude
428 1226 488 1273 ad
524 1225 775 1273 Wisuram
810 1224 1014 1273 fluvium
1050 1224 1280 1289 veniens,
1317 1225 1368 1274 in
1402 1241 1464 1274 eo
1498 1225 1609 1275 loco
1643 1227 1726 1291 qui

269 1291 616 1354 Brunesberg²
651 1299 882 1355 vocatur,
925 1299 1277 1355 congregatam
1313 1292 1569 1341 Saxonum
1597 1293 1725 1342 mul-

270 1358 533 1408 titudinem
568 1357 800 1419 offendit,
838 1374 964 1422 quae
1001 1373 1116 1406 eum
1150 1357 1361 1407 transitu
1395 1357 1614 1408 fluminis
1649 1375 1726 1407 ar-

271 1441 384 1474 cere
420 1424 698 1473 conabatur.
768 1425 866 1473 Sed
905 1426 1103 1473 frustra.
1172 1425 1299 1472 Nam
1332 1424 1576 1490 in-prima
1611 1441 1726 1474 con-

270 1491 528 1556 gressione
572 1490 700 1555 pulsi
743 1490 997 1554 fugatique
1031 1498 1173 1555 sunt,
1220 1497 1275 1539 et
1306 1506 1517 1554 magnus
1544 1507 1724 1541 eorum

271 1574 508 1607 numerus
530 1557 713 1606 ibidem
749 1557 1037 1606 interfectus
1073 1564 1161 1604 est.
1217 1557 1279 1604 Et
1314 1573 1418 1620 rex,
1452 1573 1605 1607 amne
1627 1565 1728 1607 tra-

271 1626 425 1687 iecto,
478 1641 588 1673 cum
633 1630 774 1689 parte
821 1623 1064 1672 exercitus
1121 1623 1182 1671 ad
1226 1623 1471 1672 Ovacrum
1516 1623 1726 1673 fluvium

272 1691 547 1755 contendit,
595 1691 679 1739 ubi
712 1690 758 1738 ei
794 1691 967 1754 Hessi,
1014 1706 1141 1739 unus
1178 1706 1204 1738 e
1241 1690 1538 1754 primoribus
1573 1691 1726 1740 Saxo-

270 1775 416 1823 num,
461 1774 574 1806 cum
617 1757 846 1806 omnibus
893 1756 1131 1806 Ostfalais
1166 1772 1457 1820 occurrens,
1493 1764 1554 1806 ,et
1596 1756 1727 1806 obsi-

273 1826 362 1874 des
409 1841 533 1890 quos
575 1840 662 1872 rex
698 1824 1029 1889 imperaverat
1064 1822 1224 1886 dedit,
1276 1829 1328 1871 et
1355 1831 1727 1873 >sacramentum

272 1892 525 1941 fidelitatis
568 1890 758 1940 iuravit.
839 1890 960 1938 Inde
1003 1905 1262 1952 regresso,
1308 1905 1421 1938 cum
1455 1890 1506 1938 in
1541 1905 1728 1954 pagum

271 1959 353 2024 qui
388 1956 570 2006 Bucki³
603 1965 808 2006 vocatur
842 1955 1181 2021 pervenisset,
1207 1956 1289 2018 ,An
1330 1972 1353 2002 r
1414 1955 1444 2005 ‘i
1473 1970 1586 2004 cum
1621 1955 1725 2004 suis

270 2024 572 2091 primoribus
618 2030 963 2084 occurrerunt,
1021 2030 1070 2071 et
1127 2017 1260 2071 sicut
1343 2022 1538 2086 stfalai,
1591 2022 1727 2071 iuxta

271 2091 403 2157 quod
426 2091 783 2157 imperaverat,
819 2089 1019 2139 obsides
1053 2105 1110 2137 ac
1145 2087 1725 2138 sacramentadeder'unt.

275 2194 308 2241 1)
334 2191 483 2240 Sigibur
507 2203 566 2228 um
592 2204 661 2228 nec
685 2189 863 2239 Siegberg
887 2191 932 2230 ad
958 2192 1106 2227 fluvium
1132 2190 1231 2236 Sieg,
1257 2201 1325 2226 nec
1353 2193 1393 2226 u't
1415 2187 1461 2226 V.
1487 2187 1542 2226 CL‘
1567 2187 1728 2237 wigand

274 2243 313 2278 in
337 2242 431 2278 uhro
458 2269 480 2284 „
519 2241 554 2277 ie
578 2240 746 2282 vorzeit,
784 2240 845 2274 ein
870 2238 1135 2275 Taschenbuch
1162 2239 1222 2274 fiir
1249 2240 1366 2278 lew·
1401 2250 1446 2286 pf
1463 2238 1513 2277 79
1535 2238 1726 2286 sqq-vult,

273 2289 431 2338 Sigburg
449 2301 514 2326 seu
537 2287 703 2337 Segburg
721 2288 767 2323 ad
781 2287 960 2324 Dimelam
983 2295 1049 2332 est,
1075 2288 1141 2337 sed
1158 2293 1316 2333 castrum
1342 2286 1415 2322 iam
1433 2287 1727 2337 destructum„iu

270 2351 363 2423 ruffio
387 2339 551 2386 praecisa
577 2336 622 2373 ad
647 2337 872 2372 confluentes
898 2335 1021 2372 Rurae
1047 2342 1083 2372 et
1107 2334 1266 2371 Lennae.
1323 2332 1451 2370 Fusus
1483 2332 1536 2370 ibi
1561 2334 1726 2381 antiqua·

272 2400 292 2423 fl

344 2399 390 2422 uc
425 2386 608 2433 conspici,
643 2396 687 2420 ex
719 2383 763 2421 D.
789 2383 921 2420 Monet
956 2383 1259 2420 commentatione
1294 2381 1412 2424 „fiber
1435 2377 1725 2430 ssohun-yber&

271 2434 476 2471 Dortmund
511 2446 544 2470 a.
573 2434 703 2472 1804.“
739 2433 861 2468 didici.
983 2433 1018 2479 2)
1043 2444 1156 2480 prope
1181 2430 1378 2468 num-am.
1422 2429 1532 2470 Anno
1561 2429 1725 2470 1295.ss

271 2482 406 2520 ottone
432 2483 603 2530 episcopo
628 2479 918 2516 Paderbornensi
943 2487 979 2517 et
1001 2480 1135 2517 Adolfo
1161 2486 1198 2515 et
1221 2478 1373 2516 Athen-to
1398 2477 1523 2527 comiti
1549 2489 1592 2529 με
1617 2475 1727 2514 Swa-

270 2531 489 2578 lenbergicis
515 2529 675 2566 funditus
701 2541 864 2565 eversum
891 2535 955 2572 est,
982 2543 1092 2578 quum
1120 2541 1163 2565 eo
1190 2539 1306 2575 usque
1330 2525 1499 2570 abbatum
1549 2523 1727 2563 orbeien-

270 2580 365 2616 sium
391 2586 546 2617 castrum
571 2585 608 2614 et
631 2578 737 2614 sedes
762 2589 1032 2626 nonnumquam
1058 2578 1194 2614 fuisset.
1253 2575 1442 2612 Monuni
1464 2574 1727 2640 altn,‘»‘prae-

270 2635 397 2713 {35:2⁰3
408 2627 1008 2717 ’s2‘231'121‘1‘1⁰2¹.¹.'‹'1¹1¹521¹32¹⁸.323352?
1033 2639 1131 2722 '¹⁰35'
1134 2622 1414 2721 ‘32¹³{usssfflssi
1415 2626 1502 2707 ¹¹35?
1504 2622 1726 2715 ''3221‘0302’3

272 2732 308 2762 ct
333 2725 506 2772 oppidum
532 2724 648 2771 princi
676 2723 732 2759 ale
748 2723 961 2771 Backeburq,
990 2723 1189 2761 Wilheimo
1214 2721 1346 2758 comite
1370 2730 1437 2756 suo
1463 2718 1559 2766 apud
1582 2723 1724 2755 extera·

273 2786 417 2821 quoque
451 2780 574 2820 gentes
601 2784 648 2809 no
676 2772 840 2808 ilitatum.
