1754 3120
626 208 679 256 A.
714 206 824 254 822.
860 205 973 255 823.
1465 207 1528 253 85

71 342 219 391 reges
252 326 485 374 videlicet
522 326 839 389 Wiltzorum,
884 322 1272 374 controversiam
1311 326 1438 374 inter
1474 343 1527 375 se

69 393 320 461 degregno
359 393 614 454 habentes,
652 393 712 439 ad
747 393 1079 457 praesentiam
1106 393 1420 457 imperatoris
1444 409 1526 440 ve—

69 468 274 523 nerunt,
318 473 526 524 quorum
563 459 759 505 nomina
798 467 912 506 sunt
948 459 1237 521 Milegastus
1274 467 1322 506 et
1357 460 1525 508 Ceala-

0 568 4 572 .
69 525 267 590 dragus.
354 525 500 572 Erant
547 524 677 570 idem
725 525 809 571 filii
858 523 998 570 Liubi
1047 526 1179 586 regis
1216 525 1524 589 Wiltzorum,

73 592 168 659 qui.
190 591 304 640 licet
339 606 450 638 cum
489 590 719 637 fratribus
756 590 856 637 suis
893 605 1102 652 regnum
1140 589 1352 638 divisum
1392 599 1526 639 tene·

70 665 178 720 rot,
227 665 421 718 tamen,
470 664 732 721 propterea
768 657 897 720 quod
934 655 1093 703 maior
1127 664 1244 704 natu
1280 666 1410 719 erat,
1466 660 1526 705 ad

0 777 2 781 ,
68 739 186 773 eum
207 723 359 772 totius
389 724 528 786 regni
554 739 748 770 summa
775 722 1065 787 pertinebat.
1120 723 1212 781 Qui
1238 739 1366 786 cum,
1394 740 1525 771 com·

70 790 224 840 mimo
252 806 363 838 cum
391 789 710 837 orientalibus
740 789 983 837 Abodritis
1020 789 1224 853 proelio,
1262 790 1525 852 interisset,

69 857 284 923 populus
330 856 619 904 Wiltzorum
663 855 819 902 filium
866 855 971 903 eius
1019 856 1360 920 Milegastum,
1416 858 1526 921 quia

68 923 231 972 maior
263 930 379 971 natu
414 930 536 985 erat,
574 938 745 985 regem
782 922 873 970 sibi
911 922 1182 984 constituit,
1221 924 1307 970 sed
1340 939 1450 970 cum
1485 924 1526 972 is

70 989 340 1040 secundum
393 989 542 1036 ritum
587 990 748 1051 gentis
801 988 1122 1036 commissum
1171 988 1262 1037 sibi
1316 1006 1526 1052 regnum

69 1069 248 1122 purum
270 1055 419 1118 digne
444 1056 826 1118 administraret,
864 1056 947 1102 illo
972 1055 1179 1118 abiecto,
1216 1055 1392 1103 iuniori
1431 1058 1525 1103 fra-

69 1124 134 1172 tri
177 1121 371 1186 regium
414 1121 654 1169 honorem
705 1123 966 1183 deferunt,
1014 1126 1162 1186 quam
1212 1122 1274 1169 ob
1323 1139 1524 1171 causam

13 1200 23 1215 ⁸
70 1187 218 1238 ambo
253 1188 315 1235 ad
350 1189 681 1253 praesentiam
717 1188 1029 1253 imperatoris
1055 1196 1312 1237 venerunt.
1388 1191 1524 1248 Quos

69 1271 181 1304 cum
218 1254 464 1316 audisset,
513 1262 563 1302 et
608 1255 769 1317 gentis
813 1256 1118 1303 voluntatem
1156 1256 1438 1320 proniorem
1477 1257 1524 1303 in

70 1321 273 1370 iunioris
308 1322 476 1369 fratris
511 1322 751 1368 honorem
788 1322 1100 1385 agnovisset,
1147 1322 1344 1384 statuit,
1398 1330 1450 1370 ut
1486 1323 1525 1370 is

70 1388 285 1437 delatam
321 1388 412 1435 sibi
448 1405 476 1435 a
515 1389 695 1452 populo
725 1404 815 1435 suo
840 1396 1138 1452 potestatem
1164 1389 1386 1451 haberet,
1422 1406 1524 1436 am-

70 1454 163 1504 bos
204 1462 370 1503 tamen
406 1454 693 1501 muneribus
740 1454 949 1502 donatos
996 1462 1045 1502 et
1089 1462 1399 1502 sacramento
1446 1455 1525 1501 fir-

70 1529 234 1570 matos
255 1521 306 1568 in
332 1521 542 1585 patriam
573 1521 774 1567 remisit.
843 1522 1115 1568 Accusatus
1151 1529 1228 1568 est
1262 1521 1311 1567 in
1349 1521 1524 1568 eodem

68 1587 251 1654 placito
287 1587 415 1652 apud
452 1586 806 1650 imperatorem
837 1586 1139 1649 Ceadragus,
1175 1587 1525 1635 Abodritoru‘m

104 1653 325 1718 rinceps,
372 1652 502 1717 quod
539 1668 593 1700 se
630 1669 747 1716 erga
786 1661 974 1717 partem
1012 1654 1310 1701 Francorum
1347 1671 1521 1718 parum

68 1671 284 1769 fideliter
317 1726 506 1782 ageret,
543 1727 593 1767 et
622 1720 685 1766 ad
719 1719 1032 1783 imperatoris
1059 1721 1391 1784 praesentiam
1428 1722 1525 1768 iam

71 1787 153 1835 diu
189 1785 359 1834 venire
394 1785 772 1848 dissimulasset,
809 1793 1014 1850 propter
1050 1787 1179 1849 quod
1218 1787 1278 1834 ad
1309 1802 1423 1833 eum
1458 1789 1524 1834 le-

70 1853 174 1918 gati
209 1852 379 1900 directi
417 1860 555 1914 sunt,
593 1868 702 1899 cum
740 1852 915 1916 quibus
951 1853 1033 1899 ille
1070 1853 1247 1900 iterum
1285 1853 1524 1916 quosdam

0 1945 22 1964 a
71 1935 131 1968 ex
166 1917 468 1984 primoribus
503 1920 665 1982 gentis
708 1935 827 1966 suae
873 1919 934 1966 ad
979 1919 1330 1984 imperatorem
1376 1921 1524 1984 misit,

71 2001 258 2052 perque
303 1985 500 2032 illorum
551 1985 699 2032 verba
736 1986 986 2050 promisit,
1035 2002 1088 2033 se
1137 1987 1196 2033 ad
1246 1986 1525 2051 proximum

69 2051 249 2101 hiemis
273 2059 469 2116 tempus
498 2051 558 2098 ad
587 2052 717 2099 illius
747 2052 1078 2116 praesentiam
1109 2069 1220 2101 esse
1245 2061 1522 2101 venturum.

69 2117 356 2167 Riotharius
392 2134 509 2165 vero
542 2134 654 2165 cum
682 2119 952 2166 secundum
985 2119 1138 2183 patris
1169 2120 1438 2167 iussionem
1477 2121 1523 2166 in

69 2184 209 2234 ltalia
247 2184 452 2233 iustitias
489 2184 701 2246 faceret,
749 2195 799 2232 et
843 2186 939 2232 iam
987 2201 1041 2232 se
1078 2185 1138 2231 ad
1175 2186 1523 2233 revertendum

71 2251 133 2300 de
168 2251 305 2300 ltalia
343 2262 684 2315 praepararet,
728 2259 937 2314 rogante
982 2252 1216 2299 Paschale
1262 2268 1390 2317 papa
1432 2253 1524 2299 Ro-

69 2333 206 2366 mam
250 2317 410 2381 venit,
462 2325 512 2365 et
565 2318 835 2366 honorifice
888 2317 948 2365 ab
997 2318 1080 2365 illo
1134 2327 1421 2383 susceptus,
1476 2318 1523 2365 in

70 2391 243 2434 sancto
277 2384 495 2448 paschali
532 2384 610 2432 die
647 2385 775 2449 apud
813 2392 1037 2432 sanctum
1069 2385 1266 2433 Petrum
1303 2393 1352 2433 et
1385 2386 1525 2448 regni

70 2466 305 2500 coronam
356 2458 405 2499 et
438 2451 754 2516 Imperatoris
799 2459 946 2516 atque
981 2452 1187 2514 Augusti
1230 2468 1410 2499 nomen
1449 2468 1524 2498 ac-

70 2515 224 2583 cepit,
261 2516 374 2565 inde
411 2517 610 2582 Papiam
644 2535 920 2581 regressus,
956 2534 1129 2565 mense
1162 2518 1299 2565 lunio
1337 2519 1396 2565 ad
1436 2518 1524 2565 ini-

70 2591 352 2659 potatorem
389 2584 535 2631 venit.
619 2586 711 2643 Qui
761 2601 873 2632 cum
909 2585 1195 2649 imperatori
1231 2585 1292 2632 de
1330 2586 1525 2632 iustitiis

70 2667 119 2698 in
155 2649 295 2698 ltalia
319 2667 347 2698 a
377 2667 431 2698 sc
464 2652 643 2714 partim
674 2652 814 2700 factis
842 2651 1017 2715 partim
1049 2651 1289 2699 inchoatis
1328 2651 1526 2698 fecisset

71 2715 331 2780 indicium,
367 2718 549 2766 missus
587 2725 662 2767 est
699 2718 746 2765 in
785 2718 974 2767 ltaliam
1011 2718 1321 2767 Adalhardus
1358 2734 1525 2766 comes
