1754 3120
616 203 671 251 A.
709 203 824 254 800.
859 201 972 252 801.
1449 206 1512 254 47

64 324 303 375 bitatores
338 323 562 387 nobileS,
598 324 679 387 qui
716 325 864 372 simul
899 339 1073 372 omnes
1108 322 1282 372 eadem
1319 333 1514 374 senten-

66 391 137 443 tia
165 391 384 440 damnati
421 396 549 440 sunt.
602 390 853 440 Ordinatis
888 391 1067 440 deinde
1092 390 1343 440 Romanae
1378 393 1515 441 urbis

64 466 119 508 et
149 456 419 524 apostolici
442 457 690 519 totiusque
726 458 895 506 ltaliae
943 474 1040 505 non
1079 464 1270 505 tantum
1305 459 1514 524 publicis

65 524 156 574 sed
191 524 340 575 etiam
386 522 730 571 ecclesiasticis
775 531 826 572 et
868 524 1071 588 privatis
1114 524 1263 572 rebus
1299 552 1360 561 —
1398 542 1515 574 nam

66 598 174 657 ²⁰3⁸.
198 590 367 640 bieme
402 605 518 644 nonx
542 588 675 636 aliud
710 590 826 638 fecit
860 590 1131 654 imperator
1167 617 1228 624 -—
1264 592 1515 657 missaque

66 657 249 714 mamm
289 654 341 704 in
377 654 754 705 Beneventanos
801 657 1113 721 expeditione
1156 672 1268 704 cum
1307 658 1515 722 Pippino

63 717 167 774 ‘o
195 737 318 788 suo,
355 722 462 788 ipse
497 730 611 788 post
644 722 827 787 pascha
864 724 909 772 7.
946 723 1148 772 Kalend.
1179 723 1334 772 Maias
1358 725 1516 771 Roma

0 789 6 805 '
59 814 62 819 ·
104 800 107 802 ’
178 796 342 851 ectus,
401 789 676 854 Spoletium
729 789 876 838 venit.
962 789 1033 836 lbi
1092 789 1209 838 dum
1253 798 1415 854 esset,
1469 790 1515 839 2.

0 858 8 916 ξ
110 855 272 904 alend.
318 854 473 904 Maias
517 856 640 903 hora
683 855 842 904 noctis
889 856 1104 905 secunda
1152 864 1316 905 terrae
1351 865 1516 906 motus

63 921 312 971 maximus
344 922 504 970 factus
540 929 644 985 est,
690 939 786 987 quo
832 929 936 971 tota
972 922 1111 971 ltalia
1147 924 1365 986 graviter
1400 940 1514 972 con-

64 1002 210 1038 cussa
242 995 333 1037 est.
404 989 512 1047 Ouo
547 996 685 1037 motu
729 995 911 1037 tectum
948 987 1178 1037 basilicae
1213 989 1342 1038 beati
1379 991 1515 1038 Pauli

64 1054 276 1121 apostoli
310 1069 494 1118 magna
530 1071 589 1103 ex
625 1063 764 1120 parte
801 1071 913 1103 cum
950 1055 1051 1104 suis
1073 1055 1295 1120 trabibus
1317 1055 1514 1119 decidit,

65 1126 118 1170 et
165 1121 214 1169 in
258 1121 549 1186 quibusdam
597 1121 718 1170 locis
763 1122 910 1171 urbes
958 1130 1251 1187 montesque
1293 1132 1514 1171 ruerunt.

63 1187 252 1255 Eodem
288 1203 415 1236 anno
452 1188 559 1236 loca
595 1188 837 1252 quaedam
884 1188 1012 1237 circa
1048 1189 1272 1238 Rhenum
1310 1189 1516 1237 fluvium

66 1253 195 1305 etin
231 1253 391 1303 Gallia
427 1261 477 1302 et
511 1254 559 1302 in
595 1255 861 1303 Germania
895 1262 1218 1304 tremuerunt.
1281 1256 1516 1305 Pestilen-

66 1319 134 1371 tia
176 1327 381 1387 propter
424 1321 684 1368 mollitiem
729 1321 919 1369 hiberni
968 1322 1204 1387 temporis
1252 1322 1379 1371 facta
1425 1330 1516 1371 est.

39 1385 343 1451 ‘Imperator
377 1386 439 1434 de
474 1387 696 1452 Spoletio
727 1388 1013 1435 Ravennam
1059 1388 1210 1451 venit,
1246 1396 1297 1438 et
1332 1389 1518 1452 aliquot

69 1451 175 1500 dies
211 1450 278 1500 ibi
313 1460 561 1517 moratus,
610 1454 810 1519 Papiam
847 1455 1076 1519 perrexit.
1159 1454 1230 1502 Ibi
1266 1455 1518 1503 nuntiatur

68 1519 140 1579 ei,
176 1518 371 1582 legatos
404 1520 595 1582 Aaron,
645 1520 778 1583 regis
815 1521 1105 1583 Persarum,
1144 1528 1342 1585 portum
1379 1521 1517 1569 Pisas

67 1585 307 1646 intrasse3
350 1584 526 1648 quibus
574 1584 770 1633 obviam
818 1587 1048 1649 mittens,
1094 1585 1224 1635 in'ter
1264 1587 1517 1636 Vercellos

66 1655 118 1700 et
159 1649 486 1717 Eporediam¹
530 1667 617 1700 eos
667 1652 759 1701 sibi
808 1653 925 1701 fecit
968 1653 1291 1719 praesentari.
1377 1655 1516 1703 Unus

66 1715 199 1765 e'nim
233 1732 295 1764 ex
329 1717 402 1766 eis
449 1726 557 1766 erat
594 1718 743 1767 Persa
778 1719 841 1766 de
877 1720 1096 1784 oriente,
1144 1720 1340 1784 legatus
1375 1736 1517 1786 prae-

69 1781 281 1849 dictique
315 1782 448 1846 regis
476 1810 533 1818 -
574 1800 688 1831 nam
725 1785 820 1832 duo
857 1786 1054 1834 fuerant
1083 1817 1150 1824 —
1185 1787 1311 1835 alter
1347 1786 1518 1835 Sarra-

68 1864 220 1898 cenus
272 1847 334 1897 de
383 1849 574 1912 Africa,
619 1850 814 1914 legatus
851 1851 1046 1900 amirati
1090 1851 1387 1916 Abraham2,
1435 1852 1517 1917 qui

69 1916 119 1963 in
162 1911 375 1963 confinio
419 1915 616 1963 Africae
659 1917 707 1964 in
753 1916 990 1966 Fossat0³
1044 1918 1383 1983 praesidebat,
1437 1919 1518 1983 qui

69 1980 207 2030 Isaac
222 1978 474 2044 Iudaeum,
510 1997 656 2046 quem
687 1982 957 2047 imperator
990 1992 1103 2032 ante
1141 1984 1518 2048 quadriennium

0 2082 5 2110 ;
69 2045 132 2096 ad
166 2054 499 2096 memoratum
537 2064 711 2112 regem
741 2049 1002 2098 Persarum
1039 2067 1150 2099 cum
1186 2050 1438 2099 Lantfrido
1471 2059 1520 2100 et

0 2139 6 2208 ι
70 2112 364 2177 Sigimundo
426 2114 602 2177 legatis
659 2115 762 2164 suis
808 2116 1040 2181 miserat,
1093 2133 1351 2167 reversum
1406 2135 1518 2166 cum

0 2228 5 2240 ,
70 2179 265 2244 magnis
309 2179 595 2228 muneribus
641 2181 1003 2230 nuntiaverunt.
1073 2184 1199 2232 Nam
1234 2183 1519 2233 Lantfridus

0 2246 7 2316 ξ
71 2262 128 2294 ac
173 2245 495 2310 Sigimundus
543 2246 689 2294 ambo
738 2247 786 2294 in
845 2248 1022 2296 eodem
1073 2249 1250 2296 itinere
1301 2249 1519 2299 defuncti

0 2317 6 2344 ῑ
71 2318 199 2361 sunt.
277 2312 403 2360 Tum
457 2312 541 2360 ille
596 2313 730 2362 misit
772 2314 1135 2363 Ercanbaldum
1179 2315 1424 2364 notarium
1469 2316 1519 2364 in

0 2380 4 2392 ²
70 2378 323 2442 Liguriam
357 2378 419 2426 ad
455 2379 665 2427 classem
736 2381 996 2443 arandam,
1034 2398 1127 2446 qua
1165 2382 1354 2431 elefans
1391 2390 1440 2431 et
1462 2398 1519 2430 ea

71 2461 198 2510 quae
245 2460 357 2492 cum
414 2460 474 2492 eo
522 2397 873 2496 adfereffantur
923 2447 1327 2498 subveherentur.
1406 2448 1518 2514 Ipse

73 2526 216 2573 vero,
254 2509 503 2559 celebrato
538 2511 617 2560 die
653 2514 803 2562 natali
839 2516 993 2563 sancti
1018 2514 1249 2563 Iohannis
1278 2515 1519 2580 baptistae

0 2574 3 2578 ’
71 2578 202 2643 apud
253 2577 575 2643 Eporediam,
617 2580 768 2646 Alpes
820 2589 1163 2644 transgressus
1211 2582 1259 2629 in
1307 2582 1518 2630 Galliam

5 2655 9 2657 ·
71 2659 304 2693 reversus
347 2652 436 2692 est.
523 2643 636 2710 lpsa
687 2654 874 2695 aestate
917 2656 1059 2714 capta
1104 2655 1181 2697 est
1230 2648 1518 2711 Barcinona,

76 2723 108 2770 1)
133 2722 247 2762 lvrea.
345 2725 381 2771 2)
411 2724 566 2761 lbrahinn
593 2724 670 2763 Bcn
696 2725 823 2773 Aglab.
921 2727 955 2773 3)
981 2726 1120 2771 Fumat,
1148 2739 1260 2775 prope
1286 2726 1469 2764 Kahiram.
