1754 3120
231 172 295 224 42
647 170 948 221 ElNHARDl
984 172 1272 222 ANNALES

229 292 425 343 Albiam
459 309 517 341 ac
543 291 794 340 Wisuram
828 292 1100 356 interiacet,
1135 299 1296 342 totum
1330 295 1464 344 ferro
1494 303 1545 346 et
1575 295 1679 362 igni

231 359 455 408 vastavit.
533 358 872 408 Transalbiani
918 367 1113 422 autem,
1157 358 1394 425 superbia>
1420 361 1567 426 elati,
1617 377 1678 410 eo

153 487 159 493 .
229 425 360 491 quod
395 423 529 488 regis
564 425 758 488 legatos
794 425 975 490 inpune
1011 425 1234 475 occidere
1270 434 1563 493 potuerunt,
1601 443 1678 478 ar-

230 492 384 555 reptis
420 490 572 541 armis
608 500 778 541 contra
812 492 1076 541 Abodritos
1113 493 1501 558 proficiscuntur.
1553 494 1678 545 Nam

229 556 452 607 Abodriti
503 558 817 608 auxiliatores
866 559 1168 608 Francorum
1220 576 1419 625 semper
1462 560 1681 624 fuerunt,

232 641 291 672 ex
337 641 433 689 quo
476 626 633 675 semel
676 625 738 672 ab
785 623 858 672 eis
904 625 953 672 in
1003 626 1294 675 societatem
1327 626 1514 693 recepti
1548 634 1680 677 sunt.

232 692 454 750 Quorum
473 692 568 740 dux
588 692 796 753 ThascO,
822 691 1019 753 cognito
1038 692 1503 742 Transalbianorum
1523 701 1680 755 motu,

231 757 303 806 eis
340 773 453 806 cum
488 757 716 806 omnibus
744 756 899 821 copiis
934 756 1036 806 suis
1071 757 1120 806 in
1155 758 1264 807 loco
1290 758 1373 823 qui
1398 757 1681 809 Suentana¹

234 832 439 873 vocatur
474 824 710 887 occurrit,
745 823 1108 889 commissoque
1145 824 1352 890 proelio,
1385 825 1575 889 ingenti
1594 841 1683 875 eos

232 890 382 939 caede
419 890 698 955 prostravit.
750 891 876 939 Nam
899 890 946 938 in
981 890 1140 956 prima
1168 892 1520 956 congressione
1542 898 1682 957 quat-

235 965 345 1005 tuor
379 957 516 1006 milia
551 973 726 1006 eorum
760 956 1019 1022 cecidisse,
1056 958 1272 1007 narravit
1303 959 1500 1022 legatus
1527 958 1683 1023 regis,

231 1021 440 1073 Eburis²
484 1024 711 1087 nomine,
756 1023 838 1089 qui
874 1025 922 1072 in
958 1024 1135 1073 eodem
1170 1025 1358 1090 proelio
1394 1025 1510 1087 fnit,
1547 1032 1598 1075 et
1633 1024 1683 1073 in

231 1090 583 1140 Abodritorum
617 1091 721 1140 acie
757 1091 986 1140 dextrum
1021 1107 1174 1140 cornu
1208 1092 1375 1141 tenuit.
1444 1091 1558 1140 Fusi
1593 1090 1684 1154 igi-

231 1166 313 1207 tur
335 1158 608 1223 fugatique,
638 1165 686 1207 et
712 1156 879 1207 multis
905 1165 1109 1206 suorum
1126 1158 1342 1222 amissis,
1371 1174 1485 1206 cum
1502 1173 1685 1222 magna

232 1225 513 1273 calamitate
559 1224 622 1271 ad
669 1226 777 1273 loca
828 1241 918 1273 sua
964 1225 1150 1273 reversi
1199 1233 1328 1274 sunt.
1405 1225 1470 1274 At
1512 1240 1601 1273 rex
1634 1224 1683 1272 in

232 1292 268 1339 F
269 1291 487 1340 ranciam
507 1307 784 1355 regressus,
806 1307 918 1339 cum
944 1291 1252 1355 Aquasgrani
1273 1291 1505 1354 venisset,
1522 1290 1684 1356 primo

233 1359 422 1422 legatos
467 1358 695 1406 Herenae
737 1357 1065 1422 imperatricis
1108 1357 1171 1406 ad
1218 1373 1273 1406 se
1310 1357 1372 1406 de
1407 1357 1686 1407 Constanti·

233 1426 401 1489 nopoli
446 1424 628 1474 missos
671 1423 858 1473 audivit
901 1451 966 1460 —
1010 1439 1124 1472 nam
1161 1423 1511 1474 Constantinus
1554 1422 1686 1472 filius

235 1491 342 1547 eius
387 1499 592 1557 propter
634 1507 832 1539 morum
866 1489 1210 1541 insolentiam³
1258 1507 1288 1539 a
1322 1489 1425 1540 suis
1460 1505 1686 1555 compre-

232 1559 417 1608 hensus
469 1565 519 1606 et
570 1565 856 1606 excaecatus
910 1563 987 1604 est
1040 1584 1101 1590 —
1156 1556 1332 1620 quibus
1388 1556 1684 1621 petentibus,

235 1624 523 1687 Sissinium,
558 1625 764 1672 fratrem
799 1622 987 1671 Tarasii
1019 1621 1546 1687 Constantinopolitani
1581 1621 1685 1687 epi·

235 1691 397 1756 scopi,
444 1691 562 1740 olim
598 1691 647 1739 in
683 1689 871 1756 proelio
907 1696 1104 1754 captum
1141 1689 1345 1736 domum
1378 1688 1542 1737 redire
1576 1704 1686 1753 per-

235 1759 385 1808 misit.
455 1757 629 1821 Legati
665 1759 804 1805 fuere
831 1756 1057 1819 Michael,
1092 1761 1423 1818 cognomento
1453 1754 1688 1818 Ganglia-

236 1843 355 1888 nos,
402 1832 451 1873 et
495 1822 747 1873 Theofilus
777 1821 1038 1887 presbyter
1073 1822 1134 1870 de
1170 1817 1501 1870 Blachernis⁴.
1571 1821 1688 1870 Post

236 1908 445 1957 quorum
489 1890 849 1939 absolutionem
884 1896 1128 1937 venerunt
1171 1888 1232 1936 de
1269 1887 1504 1952 Hispania
1538 1887 1688 1951 legati

235 1959 506 2008 Hadefonsi
542 1958 702 2021 regis,
750 1955 989 2004 Basilicus
1023 1962 1074 2004 et
1107 1954 1276 2018 Froia,
1314 1969 1517 2002 munera
1550 1953 1688 2003 defe-

235 2035 403 2074 rentes
449 2040 575 2089 quae
619 2024 702 2071 ille
747 2022 809 2070 de
862 2021 1129 2084 manubiiS,
1188 2036 1310 2085 quas
1354 2019 1512 2068 victor
1556 2019 1687 2085 apud

238 2089 580 2157 olisiponam-‘²
624 2090 873 2138 civitatem
918 2105 946 2135 a
980 2105 1035 2137 se
1075 2094 1407 2152 expugnatam
1442 2093 1688 2152 coeperat,

236 2160 344 2223 regi
379 2158 574 2207 mittere
611 2155 815 2218 curavit,
848 2156 1047 2203 Mauros
1072 2153 1304 2202 videlicet
1347 2160 1553 2218 septem
1575 2167 1690 2202 eum

240 2226 447 2276 totidem
493 2224 641 2272 mulis
689 2230 835 2286 atque
881 2221 1075 2283 loricis,
1123 2236 1248 2285 quae
1283 2220 1400 2269 licet
1435 2235 1522 2284 pro
1559 2218 1688 2268 dono

239 2294 574 2354 mitterentur,
618 2289 779 2353 magis
825 2295 993 2337 tamen
1039 2287 1252 2350 insignia
1286 2285 1519 2335 victoriae
1554 2285 1689 2353 vide·

239 2361 432 2409 bantur.
512 2358 648 2416 Quos
694 2364 744 2405 et
777 2354 990 2419 benigne
1026 2353 1267 2418 suscepit,
1310 2359 1360 2402 et
1403 2367 1690 2401 remunera-

240 2436 316 2475 tos
351 2423 621 2474 honorifice
656 2420 858 2470 dimisit.
912 2421 1106 2470 Insulae
1125 2420 1375 2483 Baleares,
1412 2434 1692 2483 quaenunc

243 2551 274 2609 12
301 2551 442 2608 yidetur
466 2560 547 2585 esse
570 2549 672 2584 locus
698 2545 861 2589 Swante,
887 2546 934 2603 in·
950 2546 1112 2583 districtu
1138 2545 1258 2592 magni
1284 2545 1433 2582 ducatus
1450 2541 1693 2626 Meklennbur-

240 2597 610 2694 Ξῗέωδὲἶέῗιὲεὲἷῖ
635 2594 872 2686 ᾙΞῖἓέυᾜῗῗ
895 2601 1015 2680 ἷὲἱῖὶῃ
1041 2594 1186 2679 ωυεὲἶη
1204 2599 1365 2679 ’ἱῗὲἑᾞῗ
1377 2590 1694 2686 .Ε“’Ξ”.ὲιερῖἒῖἔ.“

240 2696 470 2744 Byzantinos.
568 2693 602 2739 4)
620 2693 658 2729 in
681 2691 893 2728 Blacheruis
917 2692 1025 2729 aedes
1045 2690 1183 2728 Mariae
1204 2690 1284 2727 suit.
1376 2693 1399 2729 5
1437 2687 1626 2725 Lisnbou.
