1754 3120
243 206 307 254 96
611 279 627 294 ·
654 206 954 255 ElNHARDl
991 206 1278 256 ANNALES

243 343 416 375 manae
451 326 783 376 inbecillitatis
818 327 967 375 fidem
1004 328 1323 391 excederent,
1368 328 1461 377 nisi
1506 336 1693 378 certum

242 401 391 455 esset,
429 393 682 441 dominum
719 402 943 443 nostrum
978 393 1141 443 lesum
1172 394 1438 458 Christum,
1472 411 1560 460 pro
1597 411 1693 461 quo

243 460 372 506 idem
426 459 742 509 beatissimus
793 461 966 508 martir
1014 477 1191 525 passus
1239 476 1352 509 esse
1411 459 1692 524 dinoscitur,

242 526 404 573 omnia
451 542 575 590 quae
619 527 725 574 vult
771 528 933 575 facere
981 542 1127 592 posse
1162 543 1251 592 per
1286 526 1504 575 divinam
1539 528 1693 576 omni-

242 592 540 657 potentiam,
587 592 635 639 in
686 609 779 657 qua
815 593 884 641 illi
922 594 1084 641 omnis
1121 602 1344 642 creatura
1388 594 1436 641 in
1472 594 1610 642 coelo
1645 601 1695 643 et

242 659 290 706 in
328 667 459 707 terra
495 658 713 706 subiecta
749 667 837 707 est.

341 725 453 773 827.
506 725 781 789 imperator
828 724 1116 771 Helisachar
1151 723 1479 788 presbiterum
1516 733 1565 774 et
1608 725 1692 773 ab·

242 790 406 839 batem
458 798 508 838 et
554 807 663 838 cum
715 806 773 837 eo
827 790 1203 838 Hildibrandum
1258 797 1403 854 atque
1449 791 1693 840 Donatum

241 857 447 905 comites
485 856 545 903 ad
581 863 746 905 motus
772 856 1062 921 Hispanicae
1099 872 1295 904 marcae
1324 858 1693 922 componendos

240 923 388 971 misit.
459 924 584 970 Ante
608 939 815 988 quorum
848 924 1109 971 adventum
1134 923 1270 985 Aizo,
1308 923 1694 973 Sarracenorum

240 989 418 1037 auxilio
456 991 628 1054 fretus,
666 991 819 1038 multa
854 990 1074 1038 eiusdem
1104 990 1270 1038 limitis
1295 989 1579 1040 custodibus
1609 990 1692 1039 ad-

239 1072 383 1104 versa
419 1055 599 1118 intulit,
635 1073 818 1121 eosque
854 1056 1071 1104 adsiduis
1106 1055 1464 1105 incursionibus
1498 1056 1549 1105 in
1587 1064 1691 1106 tan-

241 1130 343 1171 tum
389 1123 639 1186 fatigavit,
699 1131 751 1171 ut
799 1123 997 1186 quidam
1043 1124 1267 1186 illorum,
1325 1122 1510 1181 relictis
1565 1139 1691 1188 quae

241 1189 365 1236 tueri
417 1189 663 1236 debebant
707 1190 944 1252 castellis,
998 1189 1301 1237 recederent.
1387 1189 1579 1238 Defecit
1630 1190 1693 1237 ad

239 1271 352 1302 eum
397 1263 445 1302 et
479 1255 609 1302 filius
643 1254 847 1319 Berani,
899 1256 1098 1302 nomine
1141 1254 1531 1318 willemundus,
1579 1270 1691 1304 nec-

239 1338 336 1369 non
374 1329 423 1369 et
459 1320 539 1368 alii
575 1322 836 1386 conplures
873 1337 1112 1368 novarum
1147 1337 1312 1368 rerum
1341 1321 1588 1384 gentilicia
1621 1322 1691 1370 le·

238 1387 389 1436 vitate
425 1386 602 1452 cupidi,
638 1387 886 1452 iunctique
922 1387 1208 1436 Sarracenis
1245 1403 1302 1435 ac
1338 1387 1522 1436 Mauris
1557 1388 1689 1437 Ceri-

237 1452 453 1502 taniam¹
491 1460 541 1501 et
574 1453 889 1503 Vallensem²
932 1454 1115 1519 rapinis
1151 1462 1296 1518 atque
1335 1454 1574 1503 incendiis
1609 1470 1689 1502 oo-

237 1521 356 1569 tidie
402 1520 715 1568 infestabant.
795 1523 1014 1584 Cumque
1061 1521 1122 1569 ad
1170 1520 1417 1569 sedandos
1463 1537 1520 1570 ac
1561 1520 1690 1569 miti-

236 1587 426 1650 gandos
463 1587 735 1635 Gothorum
771 1594 916 1650 atque
947 1588 1274 1650 Hispanorum
1311 1586 1484 1635 inillis
1508 1586 1689 1636 finibus

237 1653 559 1701 habitantium
595 1653 786 1701 animos
822 1653 1111 1701 Helisachar
1145 1652 1297 1700 abbas
1334 1668 1446 1700 cum
1482 1653 1590 1702 aliis
1625 1653 1686 1701 ab

237 1720 535 1784 imperatore
581 1720 792 1782 missus,
837 1720 992 1767 multa
1041 1726 1091 1766 et
1134 1718 1333 1782 propria
1367 1718 1607 1768 industria
1641 1726 1692 1768 et

238 1787 486 1834 sociorum
523 1786 726 1833 consilio
763 1786 1032 1850 prudenter
1077 1784 1496 1849 administrasset,
1539 1785 1692 1834 Bern-

237 1852 422 1900 hardus
458 1868 669 1916 quoque,
705 1851 1005 1899 Barcinonae
1042 1866 1234 1914 comes,
1269 1850 1468 1899 Aizonis
1504 1851 1693 1902 insidiis

237 1925 288 1966 et
323 1935 498 1966 eorum
533 1918 613 1982 qui
650 1918 712 1965 ad
748 1933 863 1966 eum
894 1919 1177 1966 defecerant
1202 1917 1451 1967 calliditati
1476 1933 1535 1966 ac
1559 1919 1690 1967 frau-

237 1985 451 2033 dulentis
496 1984 938 2032 machinationibus
985 1983 1374 2057 pertinacissime
1419 1984 1690 2046 resisteret,

237 2059 395 2124 atque
430 2066 600 2097 eorum
647 2050 936 2098 temerarios
989 2057 1191 2096 conatus
1239 2049 1402 2097 irritos
1450 2049 1688 2112 efficeret,

238 2115 481 2164 exercitus
518 2132 544 2162 a
590 2131 711 2178 rege
747 2116 1134 2164 Sarracenorum
1170 2114 1470 2163 Abdiraman
1505 2116 1568 2164 ad
1604 2131 1687 2164 au-

235 2183 406 2231 xilium
442 2182 612 2230 Aizoni
647 2182 905 2230 selendum
935 2182 1115 2229 missus
1141 2182 1583 2244 Caesaraugustam
1605 2198 1689 2230 ve-

238 2250 369 2297 nisse
394 2247 669 2311 nunciatur,
704 2265 854 2313 supra
881 2264 1027 2312 quem
1052 2248 1383 2309 Abumarvan,
1418 2248 1552 2311 regis
1577 2265 1688 2324 pro·
1747 2246 1754 2256 ’

236 2316 464 2380 pinquus,
501 2315 597 2362 dux
634 2316 943 2390 constitutus,
981 2331 1039 2362 ex
1067 2312 1470 2379 persuasionibus
1490 2314 1688 2363 Aizonis

237 2381 367 2429 haud
412 2380 611 2428 dubiam
660 2381 751 2430 sibi
799 2381 1054 2429 victoriam
1103 2380 1437 2445 pollicebatur
1498 2381 1688 2430 Contra

237 2464 384 2512 quem
420 2447 686 2511 imperator
720 2446 876 2494 filium
912 2463 1054 2495 suum
1090 2446 1366 2511 Pippinum,
1400 2446 1754 2510 Aquitanian

236 2529 435 2577 regem,
480 2528 591 2560 cum
637 2513 895 2562 inmodicis
931 2513 1231 2561 Francorum
1279 2512 1432 2578 copiis
1466 2511 1685 2576 mittens,
1751 2554 1754 2555 γ

238 2626 269 2670 1)
306 2623 447 2671 Cerdag
449 2637 506 2664 ne.
603 2626 639 2671 2)
682 2626 811 2672 Valles,
848 2627 949 2662 vallis
982 2626 1200 2662 fertilissima
1226 2628 1274 2665 28
1298 2625 1348 2662 Μ.
1373 2623 1414 2661 P
1438 2625 1685 2672 longitudinis,
1740 2585 1754 2768 1

239 2676 281 2712 16
308 2673 357 2710 Μ.
383 2637 447 2709 P.g
449 2673 670 2716 latitudinis,
697 2675 741 2710 ad
768 2676 942 2711 orientem
970 2675 1128 2710 fluminis
1154 2674 1368 2721 Llobregat,
1394 2685 1415 2709 e
1439 2674 1685 2720 septentrione

234 2721 468 2758 Barcinonae.
1746 2769 1754 2798 ἃ
