1754 3120
246 187 311 235 50
659 184 958 233 EINHARDI
996 184 1283 234 ANNALES

251 306 381 370 fugis
419 306 700 368 oeddendis,
736 306 900 354 medio
924 305 1236 380 Septembrio
1273 305 1528 355 Coloniam
1548 306 1696 356 venit.

251 374 564 437 Dimissoque
612 373 859 434 exercitu,
912 372 1073 437 primo
1127 372 1464 437 Aquasgrani.,
1516 372 1697 424 deinde

251 440 564 488 Arduennam
587 439 724 503 petit
762 447 809 488 et
833 438 1171 488 venationibus
1197 439 1477 503 indulgens,
1509 439 1696 505 Aquas-

249 507 388 569 graui
423 522 654 555 r‘evelsus
691 514 778 554 est.
851 505 1012 554 Medio
1047 506 1347 554 Novembiio
1384 506 1587 554 allatum
1621 514 1698 555 est

250 573 324 635 ci,
374 572 591 620 Leonem
627 589 806 637 papam
843 573 1058 620 natalem
1095 572 1291 621 Domini
1327 588 1439 621 cum
1475 587 1535 620 eo
1572 571 1698 620 eele—

251 639 395 687 blare
441 640 596 699 velle,
643 638 936 700 ubicumque
984 639 1078 685 hoc
1120 639 1407 701 contingere
1444 638 1698 703 potuisset.

251 707 410 764 Quem
458 705 643 765 statim,
680 704 832 751 misso
863 702 924 750 ad
964 711 1191 752 sanctum
1224 703 1516 752 Mauricium
1551 705 1699 754 Karlo

251 772 349 819 filio
387 788 501 834 suo⁷
538 769 807 818 honorifice
843 769 1095 835 suscipere
1131 769 1288 818 iussit.
1355 770 1470 835 lpse
1505 769 1701 819 obviam

251 838 321 885 illi
357 838 626 885 Remorum
671 836 922 885 civitatem
957 838 1210 902 profectus
1246 844 1348 900 est,
1395 836 1560 901 ibique
1593 852 1700 886 sus-

251 911 474 968 ceptum,
534 902 694 968 primo
747 903 1047 952 Carisiacum
1099 903 1295 967 villam,
1347 902 1430 951 ubi
1483 903 1701 951 natalem

249 969 446 1018 Domini
483 969 775 1034 celebravit,
811 970 988 1017 deinde
1027 969 1333 1034 Aquasgrani
1370 969 1614 1035 perduxit,
1651 977 1702 1018 et

251 1037 486 1084 donatum
514 1036 706 1098 magnis
742 1036 1044 1100 muneribus,
1082 1053 1170 1102 per
1197 1035 1472 1085 Baioariam
1508 1037 1580 1084 ire
1613 1052 1700 1084 vo-

252 1104 463 1166 lentem,
502 1102 675 1150 deduci
713 1103 828 1150 fecit
865 1119 1018 1167 usque
1051 1103 1352 1151 Ravennam.
1423 1103 1583 1151 Causa
1617 1101 1700 1150 ad·

252 1178 428 1217 ventus
466 1170 570 1217 cius
606 1170 728 1216 haec
763 1177 892 1217 erat:
947 1170 1191 1218 Perlatum
1229 1177 1306 1218 est
1340 1168 1403 1216 ad
1437 1169 1700 1234 imperato—

254 1251 359 1283 rem
395 1243 582 1283 aestate
618 1236 907 1309 praeterita
944 1236 1124 1284 Christi
1160 1235 1453 1300 sanguinem
1488 1235 1538 1283 in
1565 1236 1702 1283 Man-

253 1310 334 1350 tua
371 1301 566 1350 civitate
604 1300 758 1349 fuisse
794 1309 1072 1366 repertum3
1108 1310 1311 1367 propter
1346 1302 1439 1349 hoc
1472 1301 1606 1349 misit
1638 1300 1701 1348 ad

252 1384 459 1433 papam
503 1374 678 1432 petens
724 1375 779 1415 ut
814 1367 957 1415 huius
994 1369 1156 1416 famae
1192 1368 1454 1419 veritatem
1489 1367 1701 1431 inquire-

254 1442 342 1482 r.et
433 1435 526 1493 Qui
586 1442 786 1498 accepta
842 1434 1100 1482 occasione
1146 1434 1380 1510 exeundi,
1436 1433 1598 1499 primo
1651 1433 1701 1481 in

252 1500 675 1562 Langobmdiam,
739 1501 878 1563 quasi
943 1517 1029 1565 pro
1084 1501 1403 1576 inquisitione
1453 1499 1701 1566 praedicta

253 1567 504 1641 profectus
552 1573 652 1629 est,
701 1565 913 1629 indeque
950 1575 1146 1631 arrepto
1182 1568 1387 1630 itinere,
1431 1565 1594 1615 subito
1639 1564 1700 1613 ad

254 1635 603 1697 imperatorem
626 1602 780 1696 [isque
810 1634 1046 1696 pervenit.
1098 1634 1374 1698 Mansitque
1395 1632 1526 1698 apud
1561 1631 1701 1680 illum

253 1700 359 1747 dies
395 1707 530 1762 octo,
577 1707 625 1747 et
661 1698 787 1746 sicut
821 1699 1003 1747 dictum
1040 1707 1143 1762 est,
1189 1701 1399 1747 Romam
1435 1698 1700 1763 repedavit.

352 1767 464 1815 805.
518 1766 625 1812 Non
663 1766 819 1812 multo
834 1772 957 1839 *post
975 1766 1248 1830 Capcanus⁷
1283 1765 1513 1830 princeps
1534 1764 1701 1813 Huno-

253 1848 380 1895 ium,
415 1839 619 1896 p1··opte1
655 1832 1002 1880 necessitatem
1038 1832 1206 1896 populi
1243 1831 1319 1880 sui
1351 1832 1700 1896 imperatorem

254 1898 398 1973 adiit,
451 1898 708 1963 postulans
766 1897 856 1945 sibi
910 1898 1074 1945 locum
1122 1898 1227 1946 dari
1272 1898 1334 1946 ad
1382 1897 1701 1946 habitandum

254 1965 381 2012 inter
407 1962 694 2012 Sabariam¹
732 1970 782 2010 et
806 1963 1156 2038 Carnuntum23,
1192 1964 1304 2028 quia
1339 1970 1544 2028 propter
1578 1963 1701 2012 infe·

253 2031 520 2079 stationem
555 2029 846 2078 Sclavorum
883 2029 930 2075 in
967 2029 1184 2092 pristinis
1221 2029 1420 2078 sedibus
1456 2044 1568 2078 esse
1603 2045 1702 2077 non

254 2103 461 2161 poten-,at
533 2096 692 2153 Quem
728 2094 1000 2168 imperator
1033 2095 1244 2158 benigne
1281 2095 1572 2160 suscepit-
1598 2102 1703 2144 erat

255 2163 386 2211 enim
422 2163 678 2226 Capcanus
715 2160 1035 2224 christianus⁷
1081 2163 1279 2210 nomine
1315 2161 1603 2211 Theodorus
1640 2187 1700 2196 -·

255 2236 306 2277 et
328 2228 555 2293 precibus
576 2228 682 2275 eius
704 2243 942 2292 annuens,
969 2228 1255 2277 muneribus
1280 2228 1517 2278 donatum
1538 2227 1702 2277 redire

255 2294 494 2360 permisit.
578 2293 672 2352 Qui
716 2293 914 2342 rediens
950 2295 1011 2342 ad
1048 2296 1286 2360 populum
1321 2310 1493 2369 suum,
1545 2309 1702 2359 pauco

255 2370 480 2426 tempore
529 2367 774 2408 transacto
818 2360 950 2407 diem
996 2360 1129 2409 obiit.
1209 2361 1268 2407 Et
1302 2359 1437 2408 misit
1472 2361 1702 2424 Caganus

257 2444 408 2475 unum
454 2426 513 2472 de
563 2425 882 2489 optimatibus
929 2428 1058 2489 suis⁷
1105 2434 1277 2492 petens
1321 2426 1414 2475 sibi
1459 2426 1700 2476 honorem

256 2492 537 2557 antiquum,
586 2507 732 2555 quem
769 2492 996 2555 Caganus
1032 2493 1162 2557 apud
1198 2493 1368 2542 Hunos
1403 2491 1588 2545 habere
1623 2507 1700 2541 so-

258 2559 404 2611 lebat
488 2558 636 2606 Cuius
684 2558 912 2623 precibus
958 2560 1227 2625 imperator
1261 2560 1524 2608 adsensum
1558 2573 1700 2623 prae-

256 2626 376 2688 buit,
411 2633 460 2673 et
495 2640 741 2672 summam
773 2625 923 2674 totius
959 2627 1098 2690 regni
1124 2626 1254 2674 iuxta
1275 2627 1491 2692 priscum
1526 2633 1702 2674 eorum

260 2707 290 2746 1)
317 2706 416 2743 Stein
450 2718 505 2742 am
531 2705 654 2750 Anger
691 2717 802 2752 prope
829 2703 970 2743 San-var.
1068 2708 1103 2753 2)
1130 2707 1312 2744 Petronell
1347 2718 1462 2754 prope
1486 2695 1699 2752 Heimburg.
