1754 3120
634 204 686 251 A.
722 203 834 252 816.
871 202 982 251 817.
1473 208 1532 254 71

75 321 185 371 dae·
206 323 368 387 gratia
405 331 672 387 venerunt,
710 332 759 373 et
794 325 1102 390 Compendio
1138 325 1199 373 ab
1235 325 1533 391 imperatore

80 387 259 452 aditi,
327 390 633 455 Aquasgrani
694 406 808 439 eum
868 392 1168 456 praecedere
1227 392 1348 442 iussi
1402 401 1531 443 sunt.

77 454 191 515 Quo
226 471 338 504 cum
374 457 709 521 pervenisset,
746 459 967 520 legatum
1005 459 1183 508 Leonis
1220 459 1531 525 imperatoris

0 543 2 547 ’
76 520 143 570 de
186 522 608 586 Constantinopoli
655 539 744 586 pro
787 523 1176 572 Dalmatinorum
1222 542 1371 575 causa
1416 527 1530 575 mis·

74 602 222 652 Μ,
263 587 537 636 Nicil’orum
582 588 806 651 nomine,
860 591 1106 654 suscepit,
1162 607 1309 654 quem
1362 593 1530 656 etiam,

199 653 434 702 scedolah
470 654 531 702 ad
567 670 715 718 quem
739 655 938 703 illorum
973 656 1240 704 confinium
1268 674 1383 706 cura
1420 675 1529 723 per-

88 773 93 776 ,
243 726 286 783 t,
321 737 419 768 non
456 721 654 783 aderat,
705 729 755 770 et
790 730 958 770 tamen
994 722 1131 771 brevi
1166 732 1404 773 venturus
1441 742 1529 789 pu·

73 784 293 851 abatur,
336 786 604 836 adventum
651 787 781 836 illius
818 788 960 837 iussit
996 789 1226 855 opperiri.
1297 792 1407 850 Quo
1444 807 1527 838 ve·

71 852 267 915 niente,
304 853 429 902 ratio
465 854 594 902 inter
628 870 743 902 eum
779 861 829 903 et
864 856 1085 919 legatum
1119 857 1431 922 imperatoris
1466 858 1527 906 de

71 919 441 984 quaestionibus
486 936 608 984 quas
654 921 787 968 idem
846 921 1043 985 detulit,
1098 923 1267 972 habita
1323 932 1426 986 est3
1479 931 1528 972 et

70 985 183 1061 Fi·
217 1001 300 1035 ree
342 986 404 1034 ad
441 986 681 1052 plurimos
717 995 767 1036 et
803 987 1052 1038 Romanos
1089 996 1139 1037 et
1173 990 1380 1039 Sclavos
1415 1006 1526 1054 per-

68 1050 283 1116 tubat,
326 1068 486 1117 neque
521 1054 628 1101 sine
662 1054 860 1102 illorum
897 1056 1177 1119 praesentia
1214 1056 1340 1104 finiri
1379 1072 1526 1122 posse

0 1140 2 1157 2
69 1117 353 1182 videbatur,
389 1119 473 1167 illo
509 1119 820 1168 decernenda
857 1116 1118 1185 differtur,
1149 1124 1428 1187 missusque
1463 1123 1524 1171 ad

0 1199 4 1225 ‡
67 1182 169 1234 boc
208 1200 324 1234 cum
366 1186 615 1235 cadolane
659 1194 709 1236 et
753 1188 1007 1252 praedicto
1043 1190 1208 1252 legato
1244 1189 1293 1237 in
1328 1190 1525 1237 Dalma-

0 1251 3 1254 ’
67 1250 191 1301 flam
220 1251 503 1316 Albgarius,
540 1253 754 1302 Unrochi
790 1270 960 1318 nepos.
1030 1255 1203 1319 Legati
1241 1255 1391 1304 etiam
1426 1255 1524 1303 Ab·

68 1315 357 1382 &ahmam
390 1335 503 1367 cum
538 1319 696 1368 tribus
732 1321 985 1370 mensibus
1022 1322 1206 1370 detenti
1242 1329 1437 1384 essent,
1474 1330 1525 1371 et

37 1382 169 1432 ‘iam
212 1384 275 1434 de
310 1385 470 1435 reditu
505 1386 771 1451 desperare
807 1388 1113 1452 coepissent,
1162 1388 1358 1437 remissi
1394 1396 1523 1436 sunt.

65 1449 175 1499 Filii
220 1467 414 1516 quoque
472 1453 729 1501 Godofridi
792 1455 925 1517 regis
978 1455 1259 1518 Danorum,
1320 1462 1524 1519 propter

66 1516 319 1566 assiduam
354 1519 573 1566 Herioldi
621 1519 988 1569 infestationem
1024 1521 1175 1569 missa
1213 1521 1273 1568 ad
1310 1520 1521 1586 impera-

66 1590 228 1632 torem
262 1585 538 1648 legatione,
574 1601 746 1649 pacem
782 1594 981 1650 petunt,
1018 1603 1227 1652 eamque
1264 1604 1291 1635 a
1327 1604 1382 1636 se
1418 1590 1521 1635 ser·

0 1682 6 1704 ;
66 1649 280 1699 vandum
315 1651 635 1715 pollicentur,
671 1653 759 1701 sed
797 1669 909 1700 cum
945 1654 1068 1702 haec
1094 1655 1325 1702 simulata
1360 1653 1521 1717 magis

0 1720 2 1722 ’
65 1731 216 1781 quam
258 1718 454 1765 veracia
505 1718 818 1782 viderentur,
883 1721 1022 1768 velut
1078 1721 1239 1768 inania
1291 1722 1519 1784 neglecta

65 1789 197 1845 sunt,
231 1789 284 1831 et
306 1783 543 1831 auxilium
566 1793 737 1833 contra
773 1801 860 1833 eos
877 1786 1112 1834 Herioldo
1143 1788 1328 1835 datum.
1382 1786 1516 1834 Luna

64 1849 220 1898 Nonis
254 1848 394 1897 Febr.
430 1850 552 1898 hora
586 1851 745 1900 noctis
780 1852 994 1900 secunda
1017 1853 1219 1916 defecit,
1269 1861 1320 1902 et
1354 1869 1518 1901 come-

64 1922 140 1964 tes
174 1914 224 1963 in
258 1915 402 1979 signo
438 1917 706 1980 Agitatoris
742 1919 980 1983 apparuit.
1051 1919 1243 1968 Interea
1285 1919 1518 1968 Stefanus

62 1997 192 2048 papa
226 1982 373 2031 tertio
409 1991 672 2048 postquam
710 1985 918 2032 Romam
953 1993 1159 2033 venerat
1188 2001 1390 2048 mense,
1428 1986 1518 2034 sed

62 2048 284 2098 nondum
320 2057 520 2113 exacto,
570 2050 764 2098 circiter
807 2051 851 2099 8.
888 2052 994 2099 Kal.
1031 2052 1171 2100 Febr.
1214 2052 1346 2100 diem
1382 2051 1516 2100 obiit.

62 2114 153 2164 Cui
197 2114 446 2164 Paschalis
490 2132 749 2165 successor
794 2119 1004 2182 electus,
1062 2126 1175 2183 post
1219 2119 1516 2184 completam

61 2180 352 2230 solemniter
385 2182 746 2231 ordinationem
783 2200 924 2231 suam
961 2192 1012 2232 et
1046 2201 1250 2232 munera
1288 2192 1338 2232 et
1373 2201 1516 2232 excu-

61 2247 300 2297 satoriam
348 2248 633 2313 imperatori
680 2250 814 2297 misit
847 2250 1143 2314 epistolam,
1190 2251 1238 2297 in
1292 2267 1387 2314 qua
1423 2251 1515 2298 sibi

60 2329 162 2363 non
205 2314 369 2364 solum
405 2315 620 2379 nolenti,
674 2316 761 2364 sed
799 2316 947 2364 etiam
983 2317 1249 2381 plurimum
1286 2316 1515 2365 renitenti

128 2379 377 2430 ntifieatus
437 2381 679 2430 honorem
738 2383 875 2431 velut
933 2383 1182 2447 inpactum
1236 2383 1513 2431 adseverat.

130 2453 396 2496 nontamen
416 2448 514 2497 alia
548 2449 813 2513 legatione,
850 2457 1046 2515 pactum
1070 2450 1199 2515 quod
1237 2466 1346 2497 cum
1373 2465 1514 2515 prae-

0 2548 16 2623 ἑ
59 2513 493 2644 ὲῖζῖἶῗωὲἔςέἳῖῗ
527 2516 713 2630 ‘³1⁰1‘ssss
751 2517 1080 2646 fggsstoi‘ssssnm
1091 2516 1515 2632 Tsssssfflssrflss‘infit

2 2687 12 2724 .,
59 2647 335 2697 menclator
369 2656 417 2696 et
453 2647 653 2711 detulit,
696 2658 745 2698 et
782 2665 839 2697 ea
876 2666 1000 2714 quae
1038 2649 1245 2715 petierat
1282 2651 1513 2714 impetra-

12 2766 14 2770 ·
61 2713 141 2762 vit.
226 2714 365 2763 Feria
415 2715 579 2779 quinta
640 2732 733 2780 qua
781 2732 930 2764 coena
979 2717 1171 2763 Domini
1221 2716 1514 2779 celebratur,
