1754 3120
624 188 676 235 A.
712 187 823 236 815.
860 186 972 236 816.
1461 189 1525 236 69

70 310 204 377 quod
237 308 562 358 nunciabatur
597 308 802 355 Romam
840 307 999 356 mittit.
1087 308 1132 356 ls
1169 324 1279 357 cum
1316 307 1524 355 Romam

70 376 319 438 venisset,
374 373 680 439 aegritudine
733 374 990 435 decubuit,
1044 390 1125 423 res
1178 382 1344 423 tamen
1404 390 1524 439 quas

70 449 382 509 oompererat
418 457 505 506 per
540 440 810 488 Geroldum
848 441 1104 504 comitem,
1142 442 1222 505 qui
1260 440 1320 488 ad
1357 441 1451 488 hoc
1478 441 1521 488 ei

69 509 268 574 legatus
301 509 461 556 fuerat
495 506 667 568 datuS‚
705 507 989 570 imperatori
1027 508 1291 556 mandavit.
1363 507 1523 566 Quem

70 574 233 641 legati¹
290 571 531 635 ontificis,
567 572 812 620 lohannes
850 572 1112 638 episcopus
1149 573 1522 621 Silvae-candi-

29 693 41 698 ,Α
69 642 164 694 dn?
188 647 240 689 et
305 638 552 687 beodorus
578 639 918 686 nomenclator
946 645 996 686 et
1014 638 1221 702 Sergius
1258 639 1372 701 dux,
1410 640 1522 687 sub-

66 705 250 771 necti,
298 705 360 754 de
396 705 472 754 his
509 721 632 769 quae
669 705 868 752 domino
905 721 994 753 suo
1032 704 1391 767 obiciebantur,
1435 722 1524 770 per

65 773 233 823 omnia
278 771 565 870 imperatori
613 772 974 820 satisfecerunt.
1043 772 1212 835 Legati
1250 771 1521 820 Sardorum

66 839 130 889 de
172 838 335 890 Catali
408 838 605 887 civitate
648 838 776 886 dona
825 839 1042 886 ferentes
1080 846 1336 887 venerunt.
1420 838 1521 886 Pax

66 914 203 972 qune‘
228 921 340 955 cum
373 904 559 953 Abulaz
595 920 714 968 rege
738 904 1123 952 Sarracenorum
1163 906 1308 969 facta,
1347 911 1397 952 et
1432 921 1522 969 per

66 971 330 1023 triennium
380 979 579 1020 servata
626 979 758 1034 erat⁷
806 972 938 1019 velut
983 971 1168 1020 inutilis
1204 971 1416 1036 irrupta,
1472 979 1522 1019 et

65 1045 236 1088 contra
281 1053 397 1086 eum
433 1037 610 1086 iterum
647 1037 832 1085 bellum
868 1045 1156 1103 susceptum
1192 1045 1284 1086 est.
1362 1037 1520 1085 Nord-

63 1104 234 1164 bertus
279 1104 541 1170 episcopus
586 1112 635 1152 et
671 1104 934 1152 Richoinus
978 1115 1145 1153 comes
1183 1104 1244 1152 de
1281 1104 1520 1152 Constan-

0 1174 3 1223 ἶ
63 1170 272 1238 tinopoli
317 1171 558 1234 regressi,
611 1169 995 1235 descriptionem
1044 1171 1170 1236 pacti
1224 1186 1370 1234 quam
1419 1169 1519 1217 Leo

65 1236 337 1304 imperator
371 1238 443 1286 eis
464 1237 669 1286 dederat
706 1237 1013 1299 detulerunt3
1050 1237 1130 1302 qui
1160 1238 1287 1285 inter
1323 1244 1520 1284 caetera

66 1310 230 1355 tettae
276 1311 466 1354 motum
525 1304 875 1367 gravissimum
931 1320 1104 1352 mense
1153 1305 1378 1366 Augusto
1432 1318 1521 1366 per

38 1369 328 1420 'continuos
379 1371 592 1434 quinque
647 1369 752 1418 dies
801 1369 867 1418 ibi
914 1370 1179 1433 contigisse
1227 1370 1518 1431 retulerunt,

67 1452 165 1502 quo
200 1443 250 1485 et
283 1436 437 1502 ipsius
472 1436 607 1485 urbis
643 1436 865 1485 aedificia
897 1438 1133 1502 conplura
1170 1435 1432 1498 cecidisse,
1468 1442 1520 1482 et

68 1503 276 1552 aliarum
333 1503 586 1552 civitatum
633 1504 841 1568 populos
891 1504 1044 1551 ruinis
1094 1502 1361 1566 obpressos
1406 1517 1518 1550 esse

67 1570 235 1620 testati
279 1577 408 1618 sunt.
494 1569 594 1618 Sed
642 1578 690 1617 et
736 1569 783 1615 in
828 1569 987 1616 Gallia
1023 1568 1298 1631 Santones,
1345 1567 1517 1616 civitas

62 1635 380 1702 Aquitaniae,
432 1651 604 1683 mense
657 1634 970 1700 Septembrio
1021 1635 1195 1683 dicitur
1241 1635 1516 1683 tremuisse.

63 1701 264 1752 Rhenus
298 1700 477 1750 fluvius
512 1701 700 1766 Alpinis
735 1701 974 1750 imbribus
1009 1710 1198 1766 auctus⁷
1236 1702 1364 1749 ultra
1400 1700 1516 1750 soli-

64 1775 171 1817 tum
205 1768 482 1816 exundavit.
554 1768 784 1830 Romani,
832 1784 942 1815 cum
973 1768 1190 1816 Leonem
1228 1784 1405 1833 papam
1435 1784 1516 1815 ae-

64 1833 313 1898 gritudine
334 1832 626 1882 decubuisse
648 1833 889 1896 viderent,
927 1834 1131 1883 collecta
1156 1851 1323 1897 manu,
1349 1833 1516 1881 omnia

62 1899 264 1966 praedia
308 1916 433 1965 quae
480 1899 611 1948 idem
648 1900 866 1964 pontifex
911 1900 958 1947 in
1008 1901 1315 1964 singularum
1353 1900 1516 1948 civita-

62 1973 168 2016 tum
203 1966 462 2017 territoriis
505 1966 697 2015 noviter
742 1967 1009 2029 exstruxit,
1057 1968 1217 2032 primo
1264 1967 1514 2031 diripiunt,

61 2032 240 2082 deinde
277 2032 480 2082 inmisso
517 2033 630 2096 igne
667 2042 904 2096 cremant,
942 2040 1047 2081 tum
1075 2034 1282 2081 Romam
1319 2034 1390 2081 ire
1416 2041 1514 2081 sta·

61 2107 230 2163 tuunt.‚
282 2107 333 2148 et
376 2115 501 2163 quac
547 2098 638 2146 sibi
685 2107 854 2164 erepta
902 2099 1236 2163 querebantur
1271 2099 1515 2148 violenter

60 2165 280 2214 auferre:
309 2181 404 2230 quo
433 2172 703 2229 comperte,
738 2165 1053 2214 Bernhardus
1082 2183 1166 2214 rex
1186 2167 1336 2215 missa
1365 2183 1514 2214 manu

60 2247 151 2308 per
198 2230 491 2295 winigisum
548 2231 724 2279 ducem
775 2231 1074 2297 Spolitinum
1126 2240 1177 2279 et
1220 2232 1515 2280 seditionem

60 2299 196 2348 illam
245 2298 461 2360 sedavit,
516 2306 563 2346 et
613 2314 698 2346 eos
753 2298 811 2345 ab
858 2299 1050 2363 incepto
1097 2298 1337 2347 desistere
1383 2298 1514 2360 fecit,

60 2380 285 2431 quaeque
328 2372 470 2429 gesta
506 2372 670 2427 erant,
722 2381 808 2429 per
848 2365 1039 2429 legatos
1075 2381 1192 2414 suos
1227 2365 1515 2431 imperatori

59 2430 319 2481 nunciavit.

159 2497 273 2547 816.
326 2497 501 2547 Hieme
550 2506 823 2561 transacta,
884 2498 1107 2546 Saxones
1154 2506 1202 2546 et
1247 2497 1513 2545 orientales

0 2583 3 2588 ¹
58 2564 230 2614 Franci
266 2565 629 2630 expeditionem
669 2565 716 2613 in
754 2564 970 2613 Sorabos
1007 2564 1228 2627 Sclavos,
1266 2564 1345 2629 qui
1383 2564 1511 2611 dicto

2 2639 3 2643 ’
59 2630 313 2681 audientes
350 2649 445 2680 non
473 2639 629 2695 erant,
667 2633 829 2709 facere
866 2631 999 2693 iussi,
1038 2631 1274 2696 imperata
1313 2638 1512 2679 strenue

66 2711 96 2758 ι)
122 2708 290 2757 Cogit-ri.
